@book{barch1997agt,
  title={The AGT cytogenetics laboratory manual},
  author={Barch, Margaret J and Knutsen, Turid and Spurbeck, Jack L and others},
  volume={666},
  year={1997},
  publisher={Lippincott-Raven Publishers Philadelphia:}
}
@article{moorhead1960chromosome,
  title={Chromosome preparations of leukocytes cultured from human peripheral blood},
  author={Moorhead, Paul S and Nowell, PC and Mellman, WJ and Battips, DM t and Hungerford, DA},
  journal={Experimental cell research},
  volume={20},
  number={3},
  pages={613--616},
  year={1960},
  publisher={Elsevier}
}
@book{babu1995human,
  title={Human chromosomes: principles and techniques},
  author={Babu, Arvind},
  year={1995},
  publisher={McGraw-Hill}
}
@article{haines2005current,
  title={Current protocols in human genetics},
  author={Haines, Jonathan L and Korf, Bruce R, Seidman, Can Ean and Seidman, Jan Gen},
  year={2005},
  publisher={John Wiley \& Sons, New York, NY (United States)}
}
@article{willatt2009shaffer,
  title={Shaffer LG, Slovak ML, Campbell LJ (2009): ISCN 2009 an international system for human cytogenetic nomenclature},
  author={Willatt, Lionel and Morgan, Sian M},
  journal={Human Genetics},
  volume={126},
  number={4},
  pages={603--604},
  year={2009},
  publisher={Springer}
}
@article{schellberg2004new,
  title={New trends in chromosomal investigation in children with cardiovascular malformations},
  author={Schellberg, Ruth and Schwanitz, Gesa and Gr{\"a}vinghoff, Lutz and Kallenberg, Rolf and Trost, Detlef and Raff, Ruth and Wiebe, Walter},
  journal={Cardiology in the Young},
  volume={14},
  number={06},
  pages={622--629},
  year={2004},
  publisher={Cambridge Univ Press}
}
@article{momma2010cardiovascular,
  title={Cardiovascular anomalies associated with chromosome 22q11. 2 deletion syndrome},
  author={Momma, Kazuo},
  journal={The American journal of cardiology},
  volume={105},
  number={11},
  pages={1617--1624},
  year={2010},
  publisher={Elsevier}
}
@article{ccabuk2007tbx1,
  title={TBX1 gene mutation screening in patients with non-syndromic Fallot tetralogy},
  author={{\c{C}}abuk, Feryal and Karabulut, Halil G and Tuncali, Timur and Karademir, Selmin and Bozdayi, Mithat and Tukun, Ajlan},
  journal={TURKISH JOURNAL OF PEDIATRICS},
  volume={49},
  number={1},
  pages={61},
  year={2007},
  publisher={INSTITUTE OF CHILD HEALTH, HACETTEPE UNIVERSITY}
}
@article{rauch2004assessment,
  title={Assessment of association between variants and haplotypes of the remaining TBX1 gene and manifestations of congenital heart defects in 22q11. 2 deletion patients},
  author={Rauch, A and Devriendt, Koenraad and Koch, A and Rauch, R and Gewillig, Marc and Kraus, C and Weyand, M and Singer, H and Reis, A and Hofbeck, M},
  journal={Journal of medical genetics},
  volume={41},
  number={4},
  pages={e40--e40},
  year={2004},
  publisher={BMJ Publishing Group Ltd}
}
@article{deeparani2009detection,
  title={Detection of MTHFR C677T and A1298C gene polymorphism in congenital heart disease},
  author={Deeparani, T and Pillai, M Radhakrishna and Elavazhagan, T and others},
  journal={Middle-East J Scientific Res},
  volume={4},
  number={2},
  pages={127--32},
  year={2009}
}
@article{galbiatti20105,
  title={5-Methyltetrahydrofolate-homocysteine methyltransferase gene polymorphism (MTR) and risk of head and neck cancer},
  author={Galbiatti, ALS and Ruiz, MT and Biselli-Chicote, PM and Raposo, LS and Maniglia, JV and Pavarino-Bertelli, EC and Goloni-Bertollo, EM},
  journal={Brazilian Journal of Medical and Biological Research},
  volume={43},
  number={5},
  pages={445--450},
  year={2010},
  publisher={SciELO Brasil}
}
@article{zeng2011a66g,
  title={A66G and C524T polymorphisms of the methionine synthase reductase gene are associated with congenital heart defects in the Chinese Han population},
  author={Zeng, W and Liu, L and Tong, Y and Liu, HM and Dai, L and Mao, M},
  journal={Genet Mol Res},
  volume={10},
  number={4},
  pages={2597--2605},
  year={2011}
}
@article{goldmuntz2001nkx2,
  title={NKX2. 5 mutations in patients with tetralogy of fallot},
  author={Goldmuntz, Elizabeth and Geiger, Elizabeth and Benson, D Woodrow},
  journal={Circulation},
  volume={104},
  number={21},
  pages={2565--2568},
  year={2001},
  publisher={Am Heart Assoc}
}
@article{sheng2013dna,
  title={DNA methylation status of NKX2-5, GATA4 and HAND1 in patients with tetralogy of fallot},
  author={Sheng, Wei and Qian, Yanyan and Wang, Huijun and Ma, Xiaojing and Zhang, Ping and Diao, Lianwei and An, Quan and Chen, Long and Ma, Duan and Huang, Guoying},
  journal={BMC medical genomics},
  volume={6},
  number={1},
  pages={46},
  year={2013},
  publisher={BioMed Central Ltd}
}
@article{mehta1985computing,
  title={Computing an exact confidence interval for the common odds ratio in several 2$\times$ 2 contingency tables},
  author={Mehta, Cyrus R and Patel, Nitin R and Gray, Robert},
  journal={Journal of the American Statistical Association},
  volume={80},
  number={392},
  pages={969--973},
  year={1985},
  publisher={Taylor \& Francis Group}
}

 @article{nora1993causes,
  title={Causes of congenital heart diseases: old and new modes, mechanisms, and models},
  author={Nora, James J},
  journal={American heart journal},
  volume={125},
  number={5},
  pages={1409--1419},
  year={1993},
  publisher={Elsevier}

}
@article{ferencz1989congenital,
  title={Congenital cardiovascular malformations associated with chromosome abnormalities: an epidemiologic study},
  author={Ferencz, Charlotte and Neill, Catherine A and Boughman, Joann A and Rubin, Judith D and Brenner, Joel I and Perry, Lowell W},
  journal={The Journal of pediatrics},
  volume={114},
  number={1},
  pages={79--86},
  year={1989},
  publisher={Elsevier}
}

@article{hartman2011contribution,
  title={The contribution of chromosomal abnormalities to congenital heart defects: a population-based study},
  author={Hartman, Robert J and Rasmussen, Sonja A and Botto, Lorenzo D and Riehle-Colarusso, Tiffany and Martin, Christa L and Cragan, Janet D and Shin, Mikyong and Correa, Adolfo},
  journal={Pediatric cardiology},
  volume={32},
  number={8},
  pages={1147--1157},
  year={2011},
  publisher={Springer}
}

@article{johnson1997chromosome,
  title={Chromosome abnormalities in congenital heart disease},
  author={Johnson, Mark C and Hing, Anne and Wood, Mary K and Watson, Michael S},
  journal={American journal of medical genetics},
  volume={70},
  number={3},
  pages={292--298},
  year={1997},
  publisher={Wiley Online Library}
}
@article{richards2008cryptic,
  title={Cryptic chromosomal abnormalities identified in children with congenital heart disease},
  author={Richards, Ashleigh A and Santos, Lane Jaeckle and Nichols, Haley A and Crider, Bill P and Elder, Frederick F and Hauser, Natalie S and Zinn, Andrew R and Garg, Vidu},
  journal={Pediatric research},
  volume={64},
  number={4},
  pages={358--363},
  year={2008},
  publisher={Nature Publishing Group}


@article{zweier2007human,
  title={Human TBX1 missense mutations cause gain of function resulting in the same phenotype as 22q11. 2 deletions},
  author={Zweier, Christiane and Sticht, Heinrich and Aydin-Yaylag{\"u}l, Inci and Campbell, Christine E and Rauch, Anita},
  journal={The American Journal of Human Genetics},
  volume={80},
  number={3},
  pages={510--517},
  year={2007},
  publisher={Elsevier}
}


} @article{volpe200322q11,
  title={22q11 deletions in fetuses with malformations of the outflow tracts or interruption of the aortic arch: impact of additional ultrasound signs},
  author={Volpe, Paolo and Marasini, Maurizio and Caruso, Gilda and Marzullo, Andrea and Buonadonna, Antonia Lucia and Arciprete, Paolo and Di Paolo, Salvatore and Volpe, Gennaro and Gentile, Mattia},
  journal={Prenatal diagnosis},
  volume={23},
  number={9},
  pages={752--757},
  year={2003}
}

@article{momma2010cardiovascular,
  title={Cardiovascular anomalies associated with chromosome 22q11. 2 deletion syndrome},
  author={Momma, Kazuo},
  journal={The American journal of cardiology},
  volume={105},
  number={11},
  pages={1617--1624},
  year={2010},
  publisher={Elsevier}
}

@article{park2007cardiovascular,
  title={Cardiovascular anomalies in patients with chromosome 22q11. 2 deletion: a Korean multicenter study},
  author={Park, In-Sook and Ko, Jae-Kon and Kim, Young-Hwue and Yoo, Han-Wook and Seo, Eul-Ju and Choi, Jung-Yun and Gil, Hong-Yang and Kim, Soo-Jin},
  journal={International journal of cardiology},
  volume={114},
  number={2},
  pages={230--235},
  year={2007},
  publisher={Elsevier}
}

@article{ziolkowska2008chromosome,
  title={Chromosome 22q11. 2 microdeletion in children with conotruncal heart defects: frequency, associated cardiovascular anomalies, and outcome following cardiac surgery},
  author={Ziolkowska, Lidia and Kawalec, Wanda and Turska-Kmiec, Anna and Krajewska-Walasek, Malgorzata and Brzezinska-Rajszys, Grazyna and Daszkowska, Jadwiga and Maruszewski, Bogdan and Burczynski, Piotr},
  journal={European journal of pediatrics},
  volume={167},
  number={10},
  pages={1135--1140},
  year={2008},
  publisher={Springer}
}

@article{mcdonald2008genetic,
  title={Genetic counseling for the 22q11. 2 deletion},
  author={McDonald-McGinn, Donna M and Zackai, Elaine H},
  journal={Developmental disabilities research reviews},
  volume={14},
  number={1},
  pages={69--74},
  year={2008},
  publisher={Wiley Online Library}
}

@article{mcelhinney2003chromosome,
  title={Chromosome 22q11 deletion in patients with truncus arteriosus},
  author={McElhinney, DB and Driscoll, DA and Emanuel, BS and Goldmuntz, E},
  journal={Pediatric cardiology},
  volume={24},
  number={6},
  pages={569--573},
  year={2003},
  publisher={Springer}
}

@article{mcelhinney2001association,
  title={Association of chromosome 22q11 deletion with isolated anomalies of aortic arch laterality and branching},
  author={McElhinney, Doff B and Clark, Bernard J and Weinberg, Paul M and Kenton, Maura L and McDonald-McGinn, Donna and Driscoll, Deborah A and Zackai, Elaine H and Goldmuntz, Elizabeth},
  journal={Journal of the American College of Cardiology},
  volume={37},
  number={8},
  pages={2114--2119},
  year={2001},
  publisher={Am Coll Cardio Found}
}

@article{goldmuntz1998frequency,
  title={Frequency of 22q11 deletions in patients with conotruncal defects},
  author={Goldmuntz, Elizabeth and Clark, Bernard J and Mitchell, Laura E and Jawad, Abbas F and Cuneo, Bettina F and Reed, Lori and McDonald-McGinn, Donna and Chien, Peggy and Feuer, Jennifer and Zackai, Elaine H and others},
  journal={Journal of the American College of Cardiology},
  volume={32},
  number={2},
  pages={492--498},
  year={1998},
  publisher={Am Coll Cardio Found}
}

@article{van2011changing,
  title={The changing epidemiology of congenital heart disease},
  author={van der Bom, Teun and Zomer, A Carla and Zwinderman, Aeilko H and Meijboom, Folkert J and Bouma, Berto J and Mulder, Barbara JM},
  journal={Nature Reviews Cardiology},
  volume={8},
  number={1},
  pages={50--60},
  year={2011},
  publisher={Nature Publishing Group}
}

@article{robinson1994clinical,
  title={Clinical Genetics Handbook 2nd edition},
  author={Robinson, Arthur and Lindon, Mary G and Fitzpatrick, David},
  journal={Genetical Research},
  volume={64},
  number={3},
  pages={217},
  year={1994},
  publisher={London; New York: Cambridge University Press, 1960-}
}

@article{blue2012congenital,
  title={Congenital heart disease: current knowledge about causes and inheritance.},
  author={Blue, Gillian M and Kirk, Edwin P and Sholler, Gary F and Harvey, Richard P and Winlaw, David S},
  journal={The Medical journal of Australia},
  volume={197},
  number={3},
  pages={155--159},
  year={2012}

@article{harris2003epidemiology,
  title={The epidemiology of cardiovascular defects, part 2: a study based on data from three large registries of congenital malformations},
  author={Harris, JA and Francannet, C and Pradat, P and Robert, E},
  journal={Pediatric cardiology},
  volume={24},
  number={3},
  pages={222--235},
  year={2003},
  publisher={Springer}
}

@article{stoll1989risk,
  title={Risk factors in congenital heart disease},
  author={Stoll, C and Alembik, Y and Roth, MP and Dott, B and De Geeter, B},
  journal={European journal of epidemiology},
  volume={5},
  number={3},
  pages={382--391},
  year={1989},
  publisher={Springer}
}

@article{pradat1992epidemiology,
  title={Epidemiology of major congenital heart defects in Sweden, 1981-1986.},
  author={Pradat, Pierre},
  journal={Journal of epidemiology and community health},
  volume={46},
  number={3},
  pages={211--215},
  year={1992},
  publisher={BMJ Publishing Group Ltd}
}

@article{hanna1994genetic,
  title={Genetic study of congenital heart defects in Northern Ireland (1974-1978).},
  author={Hanna, E Jennifer and Nevin, Norman C and Nelson, John},
  journal={Journal of medical genetics},
  volume={31},
  number={11},
  pages={858--863},
  year={1994},
  publisher={BMJ Publishing Group Ltd}
}

@article{goodship1998population,
  title={A population study of chromosome 22q11 deletions in infancy},
  author={Goodship, Judith and Cross, Ian and LiLing, Jesse and Wren, Christopher},
  journal={Archives of disease in childhood},
  volume={79},
  number={4},
  pages={348--351},
  year={1998},
  publisher={BMJ Publishing Group Ltd and Royal College of Paediatrics and Child Health}
}

@article{grech1999syndromes,
  title={Syndromes and malformations associated with congenital heart disease in a population-based study},
  author={Grech, Victor and Gatt, Miriam},
  journal={International journal of cardiology},
  volume={68},
  number={2},
  pages={151--156},
  year={1999},
  publisher={Elsevier}
}

@article{meberg2000outcome,
  title={Outcome of congenital heart defects--a population-based study},
  author={Meberg, A and Otterstad, JE and Fr{\o}land, G and Lindberg, H and S{\o}rland, SJ},
  journal={Acta paediatrica},
  volume={89},
  number={11},
  pages={1344--1351},
  year={2000},
  publisher={Wiley Online Library}
}

@article{roodpeyma2002risk,
  title={Risk factors in congenital heart disease},
  author={Roodpeyma, Shahla and Kamali, Zinat and Afshar, Farnoush and Naraghi, Shahrbanou},
  journal={Clinical pediatrics},
  volume={41},
  number={9},
  pages={653--658},
  year={2002},
  publisher={Sage Publications}
}

@article{calzolari2003congenital,
  title={Congenital heart defects: 15 years of experience of the Emilia-Romagna Registry (Italy)},
  author={Calzolari, E and Garani, G and Cocchi, G and Magnani, C and Rivieri, F and Neville, A and Astolfi, G and Baroncini, A and Garavelli, L and Gualandi, F and others},
  journal={European journal of epidemiology},
  volume={18},
  number={8},
  pages={773--780},
  year={2003},
  publisher={Springer}
}

@article{dadvand2009descriptive,
  title={Descriptive epidemiology of congenital heart disease in Northern England},
  author={Dadvand, Payam and Rankin, Judith and Shirley, Mark DF and Rushton, Stephen and Pless-Mulloli, Tanja},
  journal={Paediatric and perinatal epidemiology},
  volume={23},
  number={1},
  pages={58--65},
  year={2009},
  publisher={Wiley Online Library}
}

@article{hartman2011contribution,
  title={The contribution of chromosomal abnormalities to congenital heart defects: a population-based study},
  author={Hartman, Robert J and Rasmussen, Sonja A and Botto, Lorenzo D and Riehle-Colarusso, Tiffany and Martin, Christa L and Cragan, Janet D and Shin, Mikyong and Correa, Adolfo},
  journal={Pediatric cardiology},
  volume={32},
  number={8},
  pages={1147--1157},
  year={2011},
  publisher={Springer}
}

@article{rosa2011trisomy,
  title={Trisomy 18: experience of a reference hospital from the south of Brazil},
  author={Rosa, Rafael FM and Rosa, Rosana and Lorenzen, Marina B and de Moraes, Felipe N and Graziadio, Carla and Zen, Paulo RG and Paskulin, Giorgio A},
  journal={American Journal of Medical Genetics Part A},
  volume={155},
  number={7},
  pages={1529--1535},
  year={2011},
  publisher={Wiley Online Library}
}

@article{marino2000congenital,
  title={Congenital heart disease and genetic syndromes: specific correlation between cardiac phenotype and genotype},
  author={Marino, B and Digilio, MC},
  journal={Cardiovascular Pathology},
  volume={9},
  number={6},
  pages={303--315},
  year={2000},
  publisher={Elsevier}
}

@article{begic2003epidemiological,
  title={Epidemiological and clinical aspects of congenital heart disease in children in Tuzla Canton, Bosnia-Herzegovina},
  author={Begi{\'c}, Hidajeta and Tahirovi{\'c}, Husref and Mesihovi{\'c}-Dinarevi{\'c}, Senka and Ferkovi{\'c}, Vesna and Ati{\'c}, Nedima and Latifagi{\'c}, Amila},
  journal={European journal of pediatrics},
  volume={162},
  number={3},
  pages={191--193},
  year={2003},
  publisher={Springer}
}

@article{gonzalez2009universal,
  title={Universal screening for extracardiac abnormalities in neonates with congenital heart disease},
  author={Gonzalez, Javier H and Shirali, Girish S and Atz, Andrew M and Taylor, Sarah N and Forbus, Geoffrey A and Zyblewski, Sinai C and Hlavacek, Anthony M},
  journal={Pediatric cardiology},
  volume={30},
  number={3},
  pages={269--273},
  year={2009},
  publisher={Springer}
}
@article{prasad2002genetics,
  title={Genetics and cardiac anomalies: the heart of the matter},
  author={Prasad, Chitra and Chudley, Albert E},
  journal={The Indian Journal of Pediatrics},
  volume={69},
  number={4},
  pages={321--332},
  year={2002},
  publisher={Springer}
}

@article{goldmuntz1993microdeletions,
  title={Microdeletions of chromosomal region 22q11 in patients with congenital conotruncal cardiac defects.},
  author={Goldmuntz, Elizabeth and Driscoll, Deborah and Budarf, Marcia L and Zackai, Elaine H and McDonald-McGinn, Donna M and Biegel, Jaclyn A and Emanuel, Beverly S},
  journal={Journal of medical genetics},
  volume={30},
  number={10},
  pages={807--812},
  year={1993},
  publisher={BMJ Publishing Group Ltd}
}

@article{iserin1998prevalence,
  title={Prevalence of the microdeletion 22q11 in newborn infants with congenital conotruncal cardiac anomalies},
  author={Iserin, L and De Lonlay, P and Viot, G and Sidi, D and Kachaner, J and Munnich, A and Lyonnet, S and Vekemans, M and Bonnet, D},
  journal={European journal of pediatrics},
  volume={157},
  number={11},
  pages={881--884},
  year={1998},
  publisher={Springer}
}

@InBook{bernstein2004evaluation,
Booktitle={Evaluation of the cardiovascular system},
Author={Bernstein, D},
Editor={Behrman, RE and Kliegman, RM and Jenson, HB},
Title={ Nelson textbook of pediatrics },
Edition={17},
Publisher={Philadelphia: Saunders},
Year={2004},
Pages={1481--1488}
}

@article{richards2008cryptic,
  title={Cryptic chromosomal abnormalities identified in children with congenital heart disease},
  author={Richards, Ashleigh A and Santos, Lane Jaeckle and Nichols, Haley A and Crider, Bill P and Elder, Frederick F and Hauser, Natalie S and Zinn, Andrew R and Garg, Vidu},
  journal={Pediatric research},
  volume={64},
  number={4},
  pages={358--363},
  year={2008},
  publisher={Nature Publishing Group}


@article{zweier2007human,
  title={Human TBX1 missense mutations cause gain of function resulting in the same phenotype as 22q11. 2 deletions},
  author={Zweier, Christiane and Sticht, Heinrich and Aydin-Yaylag{\"u}l, Inci and Campbell, Christine E and Rauch, Anita},
  journal={The American Journal of Human Genetics},
  volume={80},
  number={3},
  pages={510--517},
  year={2007},
  publisher={Elsevier}
}


 @article{volpe200322q11,
  title={22q11 deletions in fetuses with malformations of the outflow tracts or interruption of the aortic arch: impact of additional ultrasound signs},
  author={Volpe, Paolo and Marasini, Maurizio and Caruso, Gilda and Marzullo, Andrea and Buonadonna, Antonia Lucia and Arciprete, Paolo and Di Paolo, Salvatore and Volpe, Gennaro and Gentile, Mattia},
  journal={Prenatal diagnosis},
  volume={23},
  number={9},
  pages={752--757},
  year={2003}
}

@article{momma2010cardiovascular,
  title={Cardiovascular anomalies associated with chromosome 22q11. 2 deletion syndrome},
  author={Momma, Kazuo},
  journal={The American journal of cardiology},
  volume={105},
  number={11},
  pages={1617--1624},
  year={2010},
  publisher={Elsevier}
}

@article{park2007cardiovascular,
  title={Cardiovascular anomalies in patients with chromosome 22q11. 2 deletion: a Korean multicenter study},
  author={Park, In-Sook and Ko, Jae-Kon and Kim, Young-Hwue and Yoo, Han-Wook and Seo, Eul-Ju and Choi, Jung-Yun and Gil, Hong-Yang and Kim, Soo-Jin},
  journal={International journal of cardiology},
  volume={114},
  number={2},
  pages={230--235},
  year={2007},
  publisher={Elsevier}
}

@article{ziolkowska2008chromosome,
  title={Chromosome 22q11. 2 microdeletion in children with conotruncal heart defects: frequency, associated cardiovascular anomalies, and outcome following cardiac surgery},
  author={Ziolkowska, Lidia and Kawalec, Wanda and Turska-Kmiec, Anna and Krajewska-Walasek, Malgorzata and Brzezinska-Rajszys, Grazyna and Daszkowska, Jadwiga and Maruszewski, Bogdan and Burczynski, Piotr},
  journal={European journal of pediatrics},
  volume={167},
  number={10},
  pages={1135--1140},
  year={2008},
  publisher={Springer}
}

@article{mcdonald2008genetic,
  title={Genetic counseling for the 22q11. 2 deletion},
  author={McDonald-McGinn, Donna M and Zackai, Elaine H},
  journal={Developmental disabilities research reviews},
  volume={14},
  number={1},
  pages={69--74},
  year={2008},
  publisher={Wiley Online Library}
}

@article{mcelhinney2003chromosome,
  title={Chromosome 22q11 deletion in patients with truncus arteriosus},
  author={McElhinney, DB and Driscoll, DA and Emanuel, BS and Goldmuntz, E},
  journal={Pediatric cardiology},
  volume={24},
  number={6},
  pages={569--573},
  year={2003},
  publisher={Springer}
}

@article{mcelhinney2001association,
  title={Association of chromosome 22q11 deletion with isolated anomalies of aortic arch laterality and branching},
  author={McElhinney, Doff B and Clark, Bernard J and Weinberg, Paul M and Kenton, Maura L and McDonald-McGinn, Donna and Driscoll, Deborah A and Zackai, Elaine H and Goldmuntz, Elizabeth},
  journal={Journal of the American College of Cardiology},
  volume={37},
  number={8},
  pages={2114--2119},
  year={2001},
  publisher={Am Coll Cardio Found}
}

@article{goldmuntz1998frequency,
  title={Frequency of 22q11 deletions in patients with conotruncal defects},
  author={Goldmuntz, Elizabeth and Clark, Bernard J and Mitchell, Laura E and Jawad, Abbas F and Cuneo, Bettina F and Reed, Lori and McDonald-McGinn, Donna and Chien, Peggy and Feuer, Jennifer and Zackai, Elaine H and others},
  journal={Journal of the American College of Cardiology},
  volume={32},
  number={2},
  pages={492--498},
  year={1998},
  publisher={Am Coll Cardio Found}
}

@article{van2011changing,
  title={The changing epidemiology of congenital heart disease},
  author={van der Bom, Teun and Zomer, A Carla and Zwinderman, Aeilko H and Meijboom, Folkert J and Bouma, Berto J and Mulder, Barbara JM},
  journal={Nature Reviews Cardiology},
  volume={8},
  number={1},
  pages={50--60},
  year={2011},
  publisher={Nature Publishing Group}
}

@article{robinson1994clinical,
  title={Clinical Genetics Handbook 2nd edition},
  author={Robinson, Arthur and Lindon, Mary G and Fitzpatrick, David},
  journal={Genetical Research},
  volume={64},
  number={3},
  pages={217},
  year={1994},
  publisher={London; New York: Cambridge University Press, 1960-}
}

@article{blue2012congenital,
  title={Congenital heart disease: current knowledge about causes and inheritance.},
  author={Blue, Gillian M and Kirk, Edwin P and Sholler, Gary F and Harvey, Richard P and Winlaw, David S},
  journal={The Medical journal of Australia},
  volume={197},
  number={3},
  pages={155--159},
  year={2012}

@article{harris2003epidemiology,
  title={The epidemiology of cardiovascular defects, part 2: a study based on data from three large registries of congenital malformations},
  author={Harris, JA and Francannet, C and Pradat, P and Robert, E},
  journal={Pediatric cardiology},
  volume={24},
  number={3},
  pages={222--235},
  year={2003},
  publisher={Springer}
}

@article{stoll1989risk,
  title={Risk factors in congenital heart disease},
  author={Stoll, C and Alembik, Y and Roth, MP and Dott, B and De Geeter, B},
  journal={European journal of epidemiology},
  volume={5},
  number={3},
  pages={382--391},
  year={1989},
  publisher={Springer}
}

@article{pradat1992epidemiology,
  title={Epidemiology of major congenital heart defects in Sweden, 1981-1986.},
  author={Pradat, Pierre},
  journal={Journal of epidemiology and community health},
  volume={46},
  number={3},
  pages={211--215},
  year={1992},
  publisher={BMJ Publishing Group Ltd}
}

@article{hanna1994genetic,
  title={Genetic study of congenital heart defects in Northern Ireland (1974-1978).},
  author={Hanna, E Jennifer and Nevin, Norman C and Nelson, John},
  journal={Journal of medical genetics},
  volume={31},
  number={11},
  pages={858--863},
  year={1994},
  publisher={BMJ Publishing Group Ltd}
}

@article{goodship1998population,
  title={A population study of chromosome 22q11 deletions in infancy},
  author={Goodship, Judith and Cross, Ian and LiLing, Jesse and Wren, Christopher},
  journal={Archives of disease in childhood},
  volume={79},
  number={4},
  pages={348--351},
  year={1998},
  publisher={BMJ Publishing Group Ltd and Royal College of Paediatrics and Child Health}
}

@article{grech1999syndromes,
  title={Syndromes and malformations associated with congenital heart disease in a population-based study},
  author={Grech, Victor and Gatt, Miriam},
  journal={International journal of cardiology},
  volume={68},
  number={2},
  pages={151--156},
  year={1999},
  publisher={Elsevier}
}

@article{meberg2000outcome,
  title={Outcome of congenital heart defects--a population-based study},
  author={Meberg, A and Otterstad, JE and Fr{\o}land, G and Lindberg, H and S{\o}rland, SJ},
  journal={Acta paediatrica},
  volume={89},
  number={11},
  pages={1344--1351},
  year={2000},
  publisher={Wiley Online Library}
}

@article{roodpeyma2002risk,
  title={Risk factors in congenital heart disease},
  author={Roodpeyma, Shahla and Kamali, Zinat and Afshar, Farnoush and Naraghi, Shahrbanou},
  journal={Clinical pediatrics},
  volume={41},
  number={9},
  pages={653--658},
  year={2002},
  publisher={Sage Publications}
}

@article{calzolari2003congenital,
  title={Congenital heart defects: 15 years of experience of the Emilia-Romagna Registry (Italy)},
  author={Calzolari, E and Garani, G and Cocchi, G and Magnani, C and Rivieri, F and Neville, A and Astolfi, G and Baroncini, A and Garavelli, L and Gualandi, F and others},
  journal={European journal of epidemiology},
  volume={18},
  number={8},
  pages={773--780},
  year={2003},
  publisher={Springer}
}

@article{dadvand2009descriptive,
  title={Descriptive epidemiology of congenital heart disease in Northern England},
  author={Dadvand, Payam and Rankin, Judith and Shirley, Mark DF and Rushton, Stephen and Pless-Mulloli, Tanja},
  journal={Paediatric and perinatal epidemiology},
  volume={23},
  number={1},
  pages={58--65},
  year={2009},
  publisher={Wiley Online Library}
}

@article{hartman2011contribution,
  title={The contribution of chromosomal abnormalities to congenital heart defects: a population-based study},
  author={Hartman, Robert J and Rasmussen, Sonja A and Botto, Lorenzo D and Riehle-Colarusso, Tiffany and Martin, Christa L and Cragan, Janet D and Shin, Mikyong and Correa, Adolfo},
  journal={Pediatric cardiology},
  volume={32},
  number={8},
  pages={1147--1157},
  year={2011},
  publisher={Springer}
}

@article{rosa2011trisomy,
  title={Trisomy 18: experience of a reference hospital from the south of Brazil},
  author={Rosa, Rafael FM and Rosa, Rosana and Lorenzen, Marina B and de Moraes, Felipe N and Graziadio, Carla and Zen, Paulo RG and Paskulin, Giorgio A},
  journal={American Journal of Medical Genetics Part A},
  volume={155},
  number={7},
  pages={1529--1535},
  year={2011},
  publisher={Wiley Online Library}
}

@article{marino2000congenital,
  title={Congenital heart disease and genetic syndromes: specific correlation between cardiac phenotype and genotype},
  author={Marino, B and Digilio, MC},
  journal={Cardiovascular Pathology},
  volume={9},
  number={6},
  pages={303--315},
  year={2000},
  publisher={Elsevier}
}

@article{begic2003epidemiological,
  title={Epidemiological and clinical aspects of congenital heart disease in children in Tuzla Canton, Bosnia-Herzegovina},
  author={Begi{\'c}, Hidajeta and Tahirovi{\'c}, Husref and Mesihovi{\'c}-Dinarevi{\'c}, Senka and Ferkovi{\'c}, Vesna and Ati{\'c}, Nedima and Latifagi{\'c}, Amila},
  journal={European journal of pediatrics},
  volume={162},
  number={3},
  pages={191--193},
  year={2003},
  publisher={Springer}
}

@article{gonzalez2009universal,
  title={Universal screening for extracardiac abnormalities in neonates with congenital heart disease},
  author={Gonzalez, Javier H and Shirali, Girish S and Atz, Andrew M and Taylor, Sarah N and Forbus, Geoffrey A and Zyblewski, Sinai C and Hlavacek, Anthony M},
  journal={Pediatric cardiology},
  volume={30},
  number={3},
  pages={269--273},
  year={2009},
  publisher={Springer}
}
@article{prasad2002genetics,
  title={Genetics and cardiac anomalies: the heart of the matter},
  author={Prasad, Chitra and Chudley, Albert E},
  journal={The Indian Journal of Pediatrics},
  volume={69},
  number={4},
  pages={321--332},
  year={2002},
  publisher={Springer}
}

@article{goldmuntz1993microdeletions,
  title={Microdeletions of chromosomal region 22q11 in patients with congenital conotruncal cardiac defects.},
  author={Goldmuntz, Elizabeth and Driscoll, Deborah and Budarf, Marcia L and Zackai, Elaine H and McDonald-McGinn, Donna M and Biegel, Jaclyn A and Emanuel, Beverly S},
  journal={Journal of medical genetics},
  volume={30},
  number={10},
  pages={807--812},
  year={1993},
  publisher={BMJ Publishing Group Ltd}
}

@article{iserin1998prevalence,
  title={Prevalence of the microdeletion 22q11 in newborn infants with congenital conotruncal cardiac anomalies},
  author={Iserin, L and De Lonlay, P and Viot, G and Sidi, D and Kachaner, J and Munnich, A and Lyonnet, S and Vekemans, M and Bonnet, D},
  journal={European journal of pediatrics},
  volume={157},
  number={11},
  pages={881--884},
  year={1998},
  publisher={Springer}
}
