% This file was created with JabRef 2.10.
% Encoding: Cp1252


@Article{Cabuk2007,
  Title                    = {TBX1 gene mutation screening in patients with non-syndromic Fallot tetralogy},
  Author                   = {{\c{C}}abuk, Feryal and Karabulut, Halil G and Tuncali, Timur and Karademir, Selmin and Bozdayi, Mithat and Tukun, Ajlan},
  Journal                  = {Turk J Pediatr},
  Year                     = {2007},
  Number                   = {1},
  Pages                    = {61},
  Volume                   = {49},

  Publisher                = {INSTITUTE OF CHILD HEALTH, HACETTEPE UNIVERSITY}
}

@Book{barch1997agt,
  Title                    = {The AGT cytogenetics laboratory manual},
  Author                   = {Barch, Margaret J and Knutsen, Turid and Spurbeck, Jack L and others},
  Publisher                = {Philadelphia: Lippincott-Raven Publishers},
  Year                     = {1997},
  Volume                   = {666}
}

@Article{begic2003epidemiological,
  Title                    = {Epidemiological and clinical aspects of congenital heart disease in children in Tuzla Canton, Bosnia-Herzegovina},
  Author                   = {Begi{\'c}, Hidajeta and Tahirovi{\'c}, Husref and Mesihovi{\'c}-Dinarevi{\'c}, Senka and Ferkovi{\'c}, Vesna and Ati{\'c}, Nedima and Latifagi{\'c}, Amila},
  Journal                  = {Eur J Pediatr},
  Year                     = {2003},
  Number                   = {3},
  Pages                    = {191--193},
  Volume                   = {162},

  Publisher                = {Springer}
}

@InBook{bernstein2004evaluation,
  Title                    = { Nelson textbook of pediatrics },
  Author                   = {Bernstein, D},
  Editor                   = {Behrman, RE and Kliegman, RM and Jenson, HB},
  Pages                    = {1481--1488},
  Publisher                = {Philadelphia: Saunders},
  Year                     = {2004},
  Edition                  = {17},

  Booktitle                = {Evaluation of the cardiovascular system}
}

@Article{van2011changing,
  Title                    = {The changing epidemiology of congenital heart disease},
  Author                   = {van der Bom, Teun and Zomer, A Carla and Zwinderman, Aeilko H and Meijboom, Folkert J and Bouma, Berto J and Mulder, Barbara JM},
  Journal                  = {Nat Rev Cardiol},
  Year                     = {2011},
  Number                   = {1},
  Pages                    = {50--60},
  Volume                   = {8},

  Publisher                = {Nature Publishing Group}
}

@Article{calzolari2003congenital,
  Title                    = {Congenital heart defects: 15 years of experience of the Emilia-Romagna Registry (Italy)},
  Author                   = {Calzolari, E and Garani, G and Cocchi, G and Magnani, C and Rivieri, F and Neville, A and Astolfi, G and Baroncini, A and Garavelli, L and Gualandi, F and others},
  Journal                  = {Eur J Epidemiol},
  Year                     = {2003},
  Number                   = {8},
  Pages                    = {773--780},
  Volume                   = {18},

  Publisher                = {Springer}
}

@Article{chieffo1997isolation,
  Title                    = {Isolation and Characterization of a Gene from the DiGeorge Chromosomal Region Homologous to the MouseTbx1Gene},
  Author                   = {Chieffo, Carla and Garvey, Nancy and Gong, Weilong and Roe, Bruce and Zhang, Guozhong and Silver, Lee and Emanuel, Beverly S and Budarf, Marcia L},
  Journal                  = {Genomics},
  Year                     = {1997},
  Number                   = {3},
  Pages                    = {267--277},
  Volume                   = {43},

  Publisher                = {Elsevier}
}

@Article{dadvand2009descriptive,
  Title                    = {Descriptive epidemiology of congenital heart disease in Northern England},
  Author                   = {Dadvand, Payam and Rankin, Judith and Shirley, Mark DF and Rushton, Stephen and Pless-Mulloli, Tanja},
  Journal                  = {Paediatr Perinat Epidemiol},
  Year                     = {2009},
  Number                   = {1},
  Pages                    = {58--65},
  Volume                   = {23},

  Publisher                = {Wiley Online Library}
}

@Article{deeparani2009detection,
  Title                    = {Detection of MTHFR C677T and A1298C gene polymorphism in congenital heart disease},
  Author                   = {Deeparani, T and Pillai, M Radhakrishna and Elavazhagan, T and others},
  Journal                  = {Middle-East J Sci Res},
  Year                     = {2009},
  Number                   = {2},
  Pages                    = {127--32},
  Volume                   = {4}
}

@Article{ferencz1989congenital,
  Title                    = {Congenital cardiovascular malformations associated with chromosome abnormalities: an epidemiologic study},
  Author                   = {Ferencz, Charlotte and Neill, Catherine A and Boughman, Joann A and Rubin, Judith D and Brenner, Joel I and Perry, Lowell W},
  Journal                  = {J Pediatr},
  Year                     = {1989},
  Number                   = {1},
  Pages                    = {79--86},
  Volume                   = {114},

  Publisher                = {Elsevier}
}

@Article{galbiatti20105,
  Title                    = {5-Methyltetrahydrofolate-homocysteine methyltransferase gene polymorphism (MTR) and risk of head and neck cancer},
  Author                   = {Galbiatti, ALS and Ruiz, MT and Biselli-Chicote, PM and Raposo, LS and Maniglia, JV and Pavarino-Bertelli, EC and Goloni-Bertollo, EM},
  Journal                  = {Braz J Med Biol Res},
  Year                     = {2010},
  Number                   = {5},
  Pages                    = {445--450},
  Volume                   = {43},

  Publisher                = {SciELO Brasil}
}

@Article{goldmuntz1998frequency,
  Title                    = {Frequency of 22q11 deletions in patients with conotruncal defects},
  Author                   = {Goldmuntz, Elizabeth and Clark, Bernard J and Mitchell, Laura E and Jawad, Abbas F and Cuneo, Bettina F and Reed, Lori and McDonald-McGinn, Donna and Chien, Peggy and Feuer, Jennifer and Zackai, Elaine H and others},
  Journal                  = {J Am Coll Cardiol},
  Year                     = {1998},
  Number                   = {2},
  Pages                    = {492--498},
  Volume                   = {32},

  Publisher                = {Am Coll Cardio Found}
}

@Article{goldmuntz1993microdeletions,
  Title                    = {Microdeletions of chromosomal region 22q11 in patients with congenital conotruncal cardiac defects.},
  Author                   = {Goldmuntz, Elizabeth and Driscoll, Deborah and Budarf, Marcia L and Zackai, Elaine H and McDonald-McGinn, Donna M and Biegel, Jaclyn A and Emanuel, Beverly S},
  Journal                  = {J Med Genet},
  Year                     = {1993},
  Number                   = {10},
  Pages                    = {807--812},
  Volume                   = {30},

  Publisher                = {BMJ Publishing Group Ltd}
}

@Article{goldmuntz2001nkx2,
  Title                    = {NKX2. 5 mutations in patients with tetralogy of fallot},
  Author                   = {Goldmuntz, Elizabeth and Geiger, Elizabeth and Benson, D Woodrow},
  Journal                  = {Circulation},
  Year                     = {2001},
  Number                   = {21},
  Pages                    = {2565--2568},
  Volume                   = {104},

  Publisher                = {Am Heart Assoc}
}

@Article{gong2001mutation,
  Title                    = {Mutation analysis of TBX1 in non-deleted patients with features of DGS/VCFS or isolated cardiovascular defects},
  Author                   = {Gong, Weilong and Gottlieb, Shoshanna and Collins, Joelle and Blescia, Adam and Dietz, Harry and Goldmuntz, Elizabeth and McDonald-McGinn, Donna M and Zackai, Elaine H and Emanuel, Beverly S and Driscoll, Deborah A and others},
  Journal                  = {J Med Genet},
  Year                     = {2001},
  Number                   = {12},
  Pages                    = {e45--e45},
  Volume                   = {38},

  Publisher                = {BMJ Publishing Group Ltd}
}

@Article{gonzalez2009universal,
  Title                    = {Universal screening for extracardiac abnormalities in neonates with congenital heart disease},
  Author                   = {Gonzalez, Javier H and Shirali, Girish S and Atz, Andrew M and Taylor, Sarah N and Forbus, Geoffrey A and Zyblewski, Sinai C and Hlavacek, Anthony M},
  Journal                  = {Pediatr Cardiol},
  Year                     = {2009},
  Number                   = {3},
  Pages                    = {269--273},
  Volume                   = {30},

  Publisher                = {Springer}
}

@Article{goodship1998population,
  Title                    = {A population study of chromosome 22q11 deletions in infancy},
  Author                   = {Goodship, Judith and Cross, Ian and LiLing, Jesse and Wren, Christopher},
  Journal                  = {Arch Dis Child},
  Year                     = {1998},
  Number                   = {4},
  Pages                    = {348--351},
  Volume                   = {79},

  Publisher                = {BMJ Publishing Group Ltd and Royal College of Paediatrics and Child Health}
}

@Article{grech1999syndromes,
  Title                    = {Syndromes and malformations associated with congenital heart disease in a population-based study},
  Author                   = {Grech, Victor and Gatt, Miriam},
  Journal                  = {Int J Cardiol},
  Year                     = {1999},
  Number                   = {2},
  Pages                    = {151--156},
  Volume                   = {68},

  Publisher                = {Elsevier}
}

@Article{griffin2010systematic,
  Title                    = {Systematic survey of variants in TBX1 in non-syndromic tetralogy of Fallot identifies a novel 57 base pair deletion that reduces transcriptional activity but finds no evidence for association with common variants},
  Author                   = {Griffin, Helen R and T{\"o}pf, Ana and Glen, Elise and Zweier, Christiane and Stuart, A Graham and Parsons, Jonathan and Peart, Ian and Deanfield, John and O'Sullivan, John and Rauch, Anita and others},
  Journal                  = {Heart},
  Year                     = {2010},
  Number                   = {20},
  Pages                    = {1651--1655},
  Volume                   = {96},

  Publisher                = {BMJ Publishing Group Ltd and British Cardiovascular Society}
}

@Book{haines2005current,
  Title                    = {Current protocols in human genetics},
  Author                   = {Haines, Jonathan L and Korf, Bruce R and Seidman, CE and Seidman, JG},
  Publisher                = {John Wiley \& Sons, New York, NY (United States)},
  Year                     = {2005}
}

@Article{han2006single,
  Title                    = {[Single nucleotide polymorphism and haplotype in TBX1 gene of patients with conotruncal defects: analysis of 130 cases].},
  Author                   = {Han, XM and Lou, Y and Zhu, XY and Hu, XF and Pang, WY and Sun, ZJ and Zhang, H and Zhang, DQ and Sun, YX},
  Journal                  = {Zhonghua yi xue za zhi},
  Year                     = {2006},
  Number                   = {22},
  Pages                    = {1553--1557},
  Volume                   = {86}
}

@Article{hanna1994genetic,
  Title                    = {Genetic study of congenital heart defects in Northern Ireland (1974-1978).},
  Author                   = {Hanna, E Jennifer and Nevin, Norman C and Nelson, John},
  Journal                  = {J Med Genet},
  Year                     = {1994},
  Number                   = {11},
  Pages                    = {858--863},
  Volume                   = {31},

  Publisher                = {BMJ Publishing Group Ltd}
}

@Article{harris2003epidemiology,
  Title                    = {The epidemiology of cardiovascular defects, part 2: a study based on data from three large registries of congenital malformations},
  Author                   = {Harris, JA and Francannet, C and Pradat, P and Robert, E},
  Journal                  = {Pediatr cardiol},
  Year                     = {2003},
  Number                   = {3},
  Pages                    = {222--235},
  Volume                   = {24},

  Publisher                = {Springer}
}

@Article{hartman2011contribution,
  Title                    = {The contribution of chromosomal abnormalities to congenital heart defects: a population-based study},
  Author                   = {Hartman, Robert J and Rasmussen, Sonja A and Botto, Lorenzo D and Riehle-Colarusso, Tiffany and Martin, Christa L and Cragan, Janet D and Shin, Mikyong and Correa, Adolfo},
  Journal                  = {Pediatr Cardiol},
  Year                     = {2011},
  Number                   = {8},
  Pages                    = {1147--1157},
  Volume                   = {32},

  Publisher                = {Springer}
}

@Article{heike2010single,
  Title                    = {Single nucleotide polymorphism discovery in TBX1 in individuals with and without 22q11. 2 deletion syndrome},
  Author                   = {Heike, Carrie L and Starr, Jacqueline R and Rieder, Mark J and Cunningham, Michael L and Edwards, Karen L and Stanaway, Ian B and Crawford, Dana C},
  Journal                  = {Birth Defects Res A Clin Mol Teratol},
  Year                     = {2010},
  Number                   = {1},
  Pages                    = {54--63},
  Volume                   = {88},

  Publisher                = {Wiley Online Library}
}

@Article{iserin1998prevalence,
  Title                    = {Prevalence of the microdeletion 22q11 in newborn infants with congenital conotruncal cardiac anomalies},
  Author                   = {Iserin, L and De Lonlay, P and Viot, G and Sidi, D and Kachaner, J and Munnich, A and Lyonnet, S and Vekemans, M and Bonnet, D},
  Journal                  = {Eur J Pediatr},
  Year                     = {1998},
  Number                   = {11},
  Pages                    = {881--884},
  Volume                   = {157},

  Publisher                = {Springer}
}

@Article{jerome2001digeorge,
  Title                    = {DiGeorge syndrome phenotype in mice mutant for the T-box gene, Tbx1},
  Author                   = {Jerome, Loydie A and Papaioannou, Virginia E},
  Journal                  = {Nat Genet},
  Year                     = {2001},
  Number                   = {3},
  Pages                    = {286--291},
  Volume                   = {27},

  Publisher                = {Nature Publishing Group}
}

@Article{johnson1997chromosome,
  Title                    = {Chromosome abnormalities in congenital heart disease},
  Author                   = {Johnson, Mark C and Hing, Anne and Wood, Mary K and Watson, Michael S},
  Journal                  = {Am J Med Genet},
  Year                     = {1997},
  Number                   = {3},
  Pages                    = {292--298},
  Volume                   = {70},

  Publisher                = {Wiley Online Library}
}

@Article{lindsay1999congenital,
  Title                    = {Congenital heart disease in mice deficient for the DiGeorge syndrome region},
  Author                   = {Lindsay, Elizabeth A and Botta, Annalisa and Jurecic, Vesna and Carattini-Rivera, Sandra and Cheah, Yin-Chai and Rosenblatt, Howard M and Bradley, Allan and Baldini, Antonio},
  Journal                  = {Nature},
  Year                     = {1999},
  Number                   = {6751},
  Pages                    = {379--383},
  Volume                   = {401},

  Publisher                = {Nature Publishing Group}
}

@Article{lindsay2001tbx1,
  Title                    = {Tbx1 haploinsufficiency in the DiGeorge syndrome region causes aortic arch defects in mice},
  Author                   = {Lindsay, Elizabeth A and Vitelli, Francesca and Su, Hong and Morishima, Masae and Huynh, Tuong and Pramparo, Tiziano and Jurecic, Vesna and Ogunrinu, George and Sutherland, Helen F and Scambler, Peter J and others},
  Journal                  = {Nature},
  Year                     = {2001},
  Number                   = {6824},
  Pages                    = {97--101},
  Volume                   = {410},

  Publisher                = {Nature Publishing Group}
}

@Article{marino2000congenital,
  Title                    = {Congenital heart disease and genetic syndromes: specific correlation between cardiac phenotype and genotype},
  Author                   = {Marino, B and Digilio, MC},
  Journal                  = {Cardiovasc Pathol},
  Year                     = {2000},
  Number                   = {6},
  Pages                    = {303--315},
  Volume                   = {9},

  Publisher                = {Elsevier}
}

@Article{mcdonald2008genetic,
  Title                    = {Genetic counseling for the 22q11. 2 deletion},
  Author                   = {McDonald-McGinn, Donna M and Zackai, Elaine H},
  Journal                  = {Dev Disabil Res Rev},
  Year                     = {2008},
  Number                   = {1},
  Pages                    = {69--74},
  Volume                   = {14},

  Publisher                = {Wiley Online Library}
}

@Article{mcelhinney2003chromosome,
  Title                    = {Chromosome 22q11 deletion in patients with truncus arteriosus},
  Author                   = {McElhinney, DB and Driscoll, DA and Emanuel, BS and Goldmuntz, E},
  Journal                  = {Pediatri Cardiol},
  Year                     = {2003},
  Number                   = {6},
  Pages                    = {569--573},
  Volume                   = {24},

  Publisher                = {Springer}
}

@Article{mcelhinney2001association,
  Title                    = {Association of chromosome 22q11 deletion with isolated anomalies of aortic arch laterality and branching},
  Author                   = {McElhinney, Doff B and Clark, Bernard J and Weinberg, Paul M and Kenton, Maura L and McDonald-McGinn, Donna and Driscoll, Deborah A and Zackai, Elaine H and Goldmuntz, Elizabeth},
  Journal                  = {J Am Coll Cardiol},
  Year                     = {2001},
  Number                   = {8},
  Pages                    = {2114--2119},
  Volume                   = {37},

  Publisher                = {Am Coll Cardio Found}
}

@Article{meberg2000outcome,
  Title                    = {Outcome of congenital heart defects--a population-based study},
  Author                   = {Meberg, A and Otterstad, JE and Fr{\o}land, G and Lindberg, H and S{\o}rland, SJ},
  Journal                  = {Acta paediatr},
  Year                     = {2000},
  Number                   = {11},
  Pages                    = {1344--1351},
  Volume                   = {89},

  Publisher                = {Wiley Online Library}
}

@Article{mehta1985computing,
  Title                    = {Computing an exact confidence interval for the common odds ratio in several 2$\times$ 2 contingency tables},
  Author                   = {Mehta, Cyrus R and Patel, Nitin R and Gray, Robert},
  Journal                  = {J Am Stat Assoc},
  Year                     = {1985},
  Number                   = {392},
  Pages                    = {969--973},
  Volume                   = {80},

  Publisher                = {Taylor \& Francis Group}
}

@Article{merscher2001tbx1,
  Title                    = {TBX1 is responsible for cardiovascular defects in velo-cardio-facial/DiGeorge syndrome},
  Author                   = {Merscher, Sandra and Funke, Birgit and Epstein, Jonathan A and Heyer, Joerg and Puech, Anne and Lu, Min Min and Xavier, Ramnik J and Demay, Marie B and Russell, Robert G and Factor, Stephen and others},
  Journal                  = {Cell},
  Year                     = {2001},
  Number                   = {4},
  Pages                    = {619--629},
  Volume                   = {104},

  Publisher                = {Elsevier}
}

@Article{momma2010cardiovascular,
  Title                    = {Cardiovascular anomalies associated with chromosome 22q11. 2 deletion syndrome},
  Author                   = {Momma, Kazuo},
  Journal                  = {Am J Cardiol},
  Year                     = {2010},
  Number                   = {11},
  Pages                    = {1617--1624},
  Volume                   = {105},

  Publisher                = {Elsevier}
}

@Article{moorhead1960chromosome,
  Title                    = {Chromosome preparations of leukocytes cultured from human peripheral blood},
  Author                   = {Moorhead, Paul S and Nowell, PC and Mellman, WJ and Battips, DM t and Hungerford, DA},
  Journal                  = {Exp Cell Res},
  Year                     = {1960},
  Number                   = {3},
  Pages                    = {613--616},
  Volume                   = {20},

  Publisher                = {Elsevier}
}

@Article{nora1993causes,
  Title                    = {Causes of congenital heart diseases: old and new modes, mechanisms, and models},
  Author                   = {Nora, James J},
  Journal                  = {Am Heart J},
  Year                     = {1993},
  Number                   = {5},
  Pages                    = {1409--1419},
  Volume                   = {125},

  Publisher                = {Elsevier}
}

@Article{park2007cardiovascular,
  Title                    = {Cardiovascular anomalies in patients with chromosome 22q11. 2 deletion: a Korean multicenter study},
  Author                   = {Park, In-Sook and Ko, Jae-Kon and Kim, Young-Hwue and Yoo, Han-Wook and Seo, Eul-Ju and Choi, Jung-Yun and Gil, Hong-Yang and Kim, Soo-Jin},
  Journal                  = {Int J Cardiol},
  Year                     = {2007},
  Number                   = {2},
  Pages                    = {230--235},
  Volume                   = {114},

  Publisher                = {Elsevier}
}

@Article{paylor2006tbx1,
  Title                    = {Tbx1 haploinsufficiency is linked to behavioral disorders in mice and humans: implications for 22q11 deletion syndrome},
  Author                   = {Paylor, Richard and Glaser, Beate and Mupo, Annalisa and Ataliotis, Paris and Spencer, Corinne and Sobotka, Angela and Sparks, Chelsey and Choi, Chul-Hee and Oghalai, John and Curran, Sarah and others},
  Journal                  = {Proc Natl Acad Sci},
  Year                     = {2006},
  Number                   = {20},
  Pages                    = {7729--7734},
  Volume                   = {103},

  Publisher                = {National Acad Sciences}
}

@Article{pradat1992epidemiology,
  Title                    = {Epidemiology of major congenital heart defects in Sweden, 1981-1986.},
  Author                   = {Pradat, Pierre},
  Journal                  = {J Epidemiol Community Health},
  Year                     = {1992},
  Number                   = {3},
  Pages                    = {211--215},
  Volume                   = {46},

  Publisher                = {BMJ Publishing Group Ltd}
}

@Article{prasad2002genetics,
  Title                    = {Genetics and cardiac anomalies: the heart of the matter},
  Author                   = {Prasad, Chitra and Chudley, Albert E},
  Journal                  = {Indian J Pediatr},
  Year                     = {2002},
  Number                   = {4},
  Pages                    = {321--332},
  Volume                   = {69},

  Publisher                = {Springer}
}

@Article{rauch2004assessment,
  Title                    = {Assessment of association between variants and haplotypes of the remaining TBX1 gene and manifestations of congenital heart defects in 22q11. 2 deletion patients},
  Author                   = {Rauch, A and Devriendt, Koenraad and Koch, A and Rauch, R and Gewillig, Marc and Kraus, C and Weyand, M and Singer, H and Reis, A and Hofbeck, M},
  Journal                  = {J Med Genet},
  Year                     = {2004},
  Number                   = {4},
  Pages                    = {e40--e40},
  Volume                   = {41},

  Publisher                = {BMJ Publishing Group Ltd}
}

@Article{robinson1994clinical,
  Title                    = {Clinical Genetics Handbook 2nd edition},
  Author                   = {Robinson, Arthur and Lindon, Mary G and Fitzpatrick, David},
  Journal                  = {Genet Res},
  Year                     = {1994},
  Number                   = {3},
  Pages                    = {217},
  Volume                   = {64},

  Publisher                = {London; New York: Cambridge University Press, 1960-}
}

@Article{roodpeyma2002risk,
  Title                    = {Risk factors in congenital heart disease},
  Author                   = {Roodpeyma, Shahla and Kamali, Zinat and Afshar, Farnoush and Naraghi, Shahrbanou},
  Journal                  = {Clin Pediatr},
  Year                     = {2002},
  Number                   = {9},
  Pages                    = {653--658},
  Volume                   = {41},

  Publisher                = {Sage Publications}
}

@Article{rosa2011trisomy,
  Title                    = {Trisomy 18: experience of a reference hospital from the south of Brazil},
  Author                   = {Rosa, Rafael FM and Rosa, Rosana and Lorenzen, Marina B and de Moraes, Felipe N and Graziadio, Carla and Zen, Paulo RG and Paskulin, Giorgio A},
  Journal                  = {Am J Med Genet},
  Year                     = {2011},
  Number                   = {7},
  Pages                    = {1529--1535},
  Volume                   = {155},

  Publisher                = {Wiley Online Library}
}

@Article{schellberg2004new,
  Title                    = {New trends in chromosomal investigation in children with cardiovascular malformations},
  Author                   = {Schellberg, Ruth and Schwanitz, Gesa and Gr{\"a}vinghoff, Lutz and Kallenberg, Rolf and Trost, Detlef and Raff, Ruth and Wiebe, Walter},
  Journal                  = {Cardiol Young},
  Year                     = {2004},
  Number                   = {06},
  Pages                    = {622--629},
  Volume                   = {14},

  Publisher                = {Cambridge Univ Press}
}

@Article{sheng2013dna,
  Title                    = {DNA methylation status of NKX2-5, GATA4 and HAND1 in patients with tetralogy of fallot},
  Author                   = {Sheng, Wei and Qian, Yanyan and Wang, Huijun and Ma, Xiaojing and Zhang, Ping and Diao, Lianwei and An, Quan and Chen, Long and Ma, Duan and Huang, Guoying},
  Journal                  = {BMC Med Genomics},
  Year                     = {2013},
  Number                   = {1},
  Pages                    = {46},
  Volume                   = {6},

  Publisher                = {BioMed Central Ltd}
}

@Article{stoll1989risk,
  Title                    = {Risk factors in congenital heart disease},
  Author                   = {Stoll, C and Alembik, Y and Roth, MP and Dott, B and De Geeter, B},
  Journal                  = {Eur J Pediatr},
  Year                     = {1989},
  Number                   = {3},
  Pages                    = {382--391},
  Volume                   = {5},

  Publisher                = {Springer}
}

@Book{babu1995human,
  Title                    = {Human chromosomes: principles and techniques},
  Author                   = {Verma, Rao San and Babu, Arvind},
  Publisher                = {McGraw-Hill},
  Year                     = {1995}
}

@InProceedings{voelckel2004allelic,
  Title                    = {Allelic variations at the haploid TBX1 locus do not influence the cardiac phenotype in cases of 22q11 microdeletion},
  Author                   = {Voelckel, Marie-Antoinette and Girardot, Lydie and Giusiano, Bernard and Levy, Nicolas and Philip, Nicole},
  Booktitle                = {Annales de genetique},
  Year                     = {2004},
  Number                   = {3},
  Organization             = {Elsevier},
  Pages                    = {235--240},
  Volume                   = {47}
}

@Article{volpe200322q11,
  Title                    = {22q11 deletions in fetuses with malformations of the outflow tracts or interruption of the aortic arch: impact of additional ultrasound signs},
  Author                   = {Volpe, Paolo and Marasini, Maurizio and Caruso, Gilda and Marzullo, Andrea and Buonadonna, Antonia Lucia and Arciprete, Paolo and Di Paolo, Salvatore and Volpe, Gennaro and Gentile, Mattia},
  Journal                  = {Prenat Diagn},
  Year                     = {2003},
  Number                   = {9},
  Pages                    = {752--757},
  Volume                   = {23}
}

@Article{wang2012genetic,
  Title                    = {Genetic analysis of the TBX1 gene promoter in ventricular septal defects},
  Author                   = {Wang, Haihua and Chen, Dongfeng and Ma, Liming and Meng, Haihong and Liu, Yumei and Xie, Wen and Pang, Shuchao and Yan, Bo},
  Journal                  = {Mol Cell Biochem},
  Year                     = {2012},
  Number                   = {1-2},
  Pages                    = {53--58},
  Volume                   = {370},

  Publisher                = {Springer}
}

@book{shaffer2013iscn,
  title={ISCN 2013: An International System for Human Cytogenetic Nomenclature (2013)},
  author={Shaffer, Lisa G and McGowan-Jordan, Jean and Schmid, Michael and others},
  year={2013},
  publisher={Karger Medical and Scientific Publishers}
}

@Article{xu2014novel,
  Title                    = {Novel TBX1 loss-of-function mutation causes isolated conotruncal heart defects in Chinese patients without 22q11. 2 deletion},
  Author                   = {Xu, Yue-Juan and Chen, Sun and Zhang, Jian and Fang, Shao-Hai and Guo, Qian-Qian and Wang, Jian and Fu, Qi-Hua and Li, Fen and Xu, Rang and Sun, Kun},
  Journal                  = {BMC Med Genet},
  Year                     = {2014},
  Number                   = {1},
  Pages                    = {78},
  Volume                   = {15},

  Publisher                = {BioMed Central Ltd}
}

@book{dracopoli1994current,
  title={Current protocols in human genetics},
  author={Dracopoli, Nicholas C and Haines, Jonathan L and Korf, Bruce R},
  year={1994},
  publisher={NY: John Wiley \& Sons}
}

@Article{xu2011detecting,
  Title                    = {Detecting 22q11. 2 deletion in Chinese children with conotruncal heart defects and single nucleotide polymorphisms in the haploid TBX1 locus},
  Author                   = {Xu, Yue-Juan and Wang, Jian and Xu, Rang and Zhao, Peng-Jun and Wang, Xi-Ke and Sun, Heng-Juan and Bao, Li-Ming and Shen, Jie and Fu, Qi-Hua and Li, Fen and others},
  Journal                  = {BMC Med Genet},
  Year                     = {2011},
  Number                   = {1},
  Pages                    = {169},
  Volume                   = {12},

  Publisher                = {BioMed Central Ltd}
}

@Article{yagi2003role,
  Title                    = {Role of TBX1 in human del22q11. 2 syndrome},
  Author                   = {Yagi, Hisato and Furutani, Yoshiyuki and Hamada, Hiromichi and Sasaki, Takashi and Asakawa, Shuichi and Minoshima, Shinsei and Ichida, Fukiko and Joo, Kunitaka and Kimura, Misa and Imamura, Shin-ichiro and others},
  Journal                  = {The Lancet},
  Year                     = {2003},
  Number                   = {9393},
  Pages                    = {1366--1373},
  Volume                   = {362},

  Publisher                = {Elsevier}
}

@Article{zeng2011a66g,
  Title                    = {A66G and C524T polymorphisms of the methionine synthase reductase gene are associated with congenital heart defects in the Chinese Han population},
  Author                   = {Zeng, W and Liu, L and Tong, Y and Liu, HM and Dai, L and Mao, M},
  Journal                  = {Genet Mol Res},
  Year                     = {2011},
  Number                   = {4},
  Pages                    = {2597--2605},
  Volume                   = {10}
}

@Article{ziolkowska2008chromosome,
  Title                    = {Chromosome 22q11. 2 microdeletion in children with conotruncal heart defects: frequency, associated cardiovascular anomalies, and outcome following cardiac surgery},
  Author                   = {Ziolkowska, Lidia and Kawalec, Wanda and Turska-Kmiec, Anna and Krajewska-Walasek, Malgorzata and Brzezinska-Rajszys, Grazyna and Daszkowska, Jadwiga and Maruszewski, Bogdan and Burczynski, Piotr},
  Journal                  = {Eur J Pediatr},
  Year                     = {2008},
  Number                   = {10},
  Pages                    = {1135--1140},
  Volume                   = {167},

  Publisher                = {Springer}
}

@Article{zweier2007human,
  Title                    = {Human TBX1 missense mutations cause gain of function resulting in the same phenotype as 22q11. 2 deletions},
  Author                   = {Zweier, Christiane and Sticht, Heinrich and Aydin-Yaylag{\"u}l, Inci and Campbell, Christine E and Rauch, Anita},
  Journal                  = {Am J Hum Genet},
  Year                     = {2007},
  Number                   = {3},
  Pages                    = {510--517},
  Volume                   = {80},

  Publisher                = {Elsevier}
}

@article{blue2012congenital,
  title={Congenital heart disease: current knowledge about causes and inheritance.},
  author={Blue, Gillian M and Kirk, Edwin P and Sholler, Gary F and Harvey, Richard P and Winlaw, David S},
  journal={Med J Aust},
  volume={197},
  number={3},
  pages={155--159},
  year={2012}
}
  
  @article{richards2008cryptic,
  title={Cryptic chromosomal abnormalities identified in children with congenital heart disease},
  author={Richards, Ashleigh A and Santos, Lane Jaeckle and Nichols, Haley A and Crider, Bill P and Elder, Frederick F and Hauser, Natalie S and Zinn, Andrew R and Garg, Vidu},
  journal={Pediatr Res},
  volume={64},
  number={4},
  pages={358--363},
  year={2008},
  publisher={Nature Publishing Group}
}

@article{zeng2011a66g,
  title={A66G and C524T polymorphisms of the methionine synthase reductase gene are associated with congenital heart defects in the Chinese Han population},
  author={Zeng, W and Liu, L and Tong, Y and Liu, HM and Dai, L and Mao, M},
  journal={Genet Mol Res},
  volume={10},
  number={4},
  pages={2597--2605},
  year={2011}
}

@article{goldmuntz2001nkx2,
  title={NKX2. 5 mutations in patients with tetralogy of fallot},
  author={Goldmuntz, Elizabeth and Geiger, Elizabeth and Benson, D Woodrow},
  journal={Circulation},
  volume={104},
  number={21},
  pages={2565--2568},
  year={2001},
  publisher={Am Heart Assoc}
}

@article{chen2014microdeletions,
  title={Microdeletions/duplications involving TBX1 gene in fetuses with conotruncal heart defects which are negative for 22q11. 2 deletion on fluorescence in-situ hybridization},
  author={Chen, M and Yang, Y-S and Shih, J-C and Lin, W-H and Lee, D-J and Lin, Y-S and Chou, C-H and Cameron, AD and Ginsberg, NA and Chen, C-A and others},
  journal={Ultrasound in Obstetrics \& Gynecology},
  volume={43},
  number={4},
  pages={396--403},
  year={2014},
  publisher={Wiley Online Library}
}

@article{hoffman2002incidence,
title={The incidence of congenital heart disease},
author={Hoffman, Julien IE and Kaplan, Samuel},
journal={Journal of the American College of Cardiology},
volume={39},
number={12},
pages={1890--1900},
year={2002},
publisher={Journal of the American College of Cardiology}
}

@article{mitchell1971congenital,
title={Congenital heart disease in 56,109 births incidence and natural history},
author={Mitchell, SC and Korones, SB and Berendes, HW},
journal={Circulation},
volume={43},
number={3},
pages={323--332},
year={1971},
publisher={Am Heart Assoc}
}

@article{srivastava2006genetic,
title={Genetic regulation of cardiogenesis and congenital heart disease},
author={Srivastava, Deepak},
journal={Annu. Rev. Pathol. Mech. Dis.},
volume={1},
pages={199--213},
year={2006},
publisher={Annual Reviews}
}

@article{botto2007seeking,
title={Seeking causes: classifying and evaluating congenital heart defects in etiologic studies},
author={Botto, Lorenzo D and Lin, Angela E and Riehle-Colarusso, Tiffany and Malik, Sadia and Correa, Adolfo},
journal={Birth Defects Research Part A: Clinical and Molecular Teratology},
volume={79},
number={10},
pages={714--727},
year={2007},
publisher={Wiley Online Library}
}

@article{pierpont2007genetic,
title={Genetic basis for congenital heart defects: Current knowledge a scientific statement from the american heart association congenital cardiac defects committee, council on cardiovascular disease in the young: Endorsed by the american academy of pediatrics},
author={Pierpont, Mary Ella and Basson, Craig T and Benson, D Woodrow and Gelb, Bruce D and Giglia, Therese M and Goldmuntz, Elizabeth and McGee, Glenn and Sable, Craig A and Srivastava, Deepak and Webb, Catherine L},
journal={Circulation},
volume={115},
number={23},
pages={3015--3038},
year={2007},
publisher={Am Heart Assoc}
}

@article{van2011birth,
title={Birth prevalence of congenital heart disease worldwide: a systematic review and meta-analysis},
author={van der Linde, Denise and Konings, Elisabeth EM and Slager, Maarten A and Witsenburg, Maarten and Helbing, Willem A and Takkenberg, Johanna JM and Roos-Hesselink, Jolien W},
journal={Journal of the American College of Cardiology},
volume={58},
number={21},
pages={2241--2247},
year={2011},
publisher={Am Coll Cardio Found}
}

@article{hoffman1995incidence,
title={Incidence of congenital heart disease: II. Prenatal incidence},
author={Hoffman, JIE},
journal={Pediatric cardiology},
volume={16},
number={4},
pages={155--165},
year={1995},
publisher={Springer}
}

@article{fahed2013genetics,
title={Genetics of congenital heart disease the glass half empty},
author={Fahed, Akl C and Gelb, Bruce D and Seidman, JG and Seidman, Christine E},
journal={Circulation research},
volume={112},
number={4},
pages={707--720},
year={2013},
publisher={Am Heart Assoc}
}

@article{nora1968multifactorial,
title={Multifactorial inheritance hypothesis for the etiology of congenital heart diseases the genetic-environmental interaction},
author={NORA, JAMES J},
journal={Circulation},
volume={38},
number={3},
pages={604--617},
year={1968},
publisher={Am Heart Assoc}
}


@article{emanuel1970genetics,
title={Genetics and congenital heart disease},
author={Emanuel, Richard},
journal={British heart journal},
volume={32},
number={3},
pages={281--291},
year={1970},
publisher={BMJ Publishing Group Ltd and British Cardiovascular Society}
}

@article{gill2003patterns,
title={Patterns of recurrence of congenital heart disease: an analysis of 6,640 consecutive pregnancies evaluated by detailed fetal echocardiography},
author={Gill, Harinder K and Splitt, Miranda and Sharland, Gurleen K and Simpson, John M},
journal={Journal of the American College of Cardiology},
volume={42},
number={5},
pages={923--929},
year={2003},
publisher={Am Coll Cardio Found}
}

@article{burn1998recurrence,
title={Recurrence risks in offspring of adults with major heart defects: results from first cohort of British collaborative study},
author={Burn, J and Brennan, P and Little, J and Holloway, S and Coffey, R and Somerville, J and Dennis, NR and Allan, L and Arnold, R and Deanfield, JE and others},
journal={The Lancet},
volume={351},
number={9099},
pages={311--316},
year={1998},
publisher={Elsevier}
}

@article{oyen2009recurrence,
title={Recurrence of congenital heart defects in families},
author={{\O}yen, Nina and Poulsen, Gry and Boyd, Heather A and Wohlfahrt, Jan and Jensen, Peter KA and Melbye, Mads},
journal={Circulation},
volume={120},
number={4},
pages={295--301},
year={2009},
publisher={Am Heart Assoc}
}

14. @article{kopf2009overview,
title={Overview of developmental heart defects by dioxins, PCBs, and pesticides},
author={Kopf, Phillip G and Walker, Mary K},
journal={Journal of Environmental Science and Health, Part C},
volume={27},
number={4},
pages={276--285},
year={2009},
publisher={Taylor \& Francis}
}
}

@article{garg2005mutations,
title={Mutations in NOTCH1 cause aortic valve disease},
author={Garg, Vidu and Muth, Alecia N and Ransom, Joshua F and Schluterman, Marie K and Barnes, Robert and King, Isabelle N and Grossfeld, Paul D and Srivastava, Deepak},
journal={Nature},
volume={437},
number={7056},
pages={270--274},
year={2005},
publisher={Nature Publishing Group}
}

15. @article{burd2007congenital,
title={Congenital heart defects and fetal alcohol spectrum disorders},
author={Burd, Larry and Deal, Eric and Rios, Rodrigo and Adickes, Edward and Wynne, Joshua and Klug, Marilyn G},
journal={Congenital heart disease},
volume={2},
number={4},
pages={250--255},
year={2007},
publisher={Wiley Online Library}
}


@article{alverson2011maternal,
title={Maternal smoking and congenital heart defects in the Baltimore-Washington Infant Study},
author={Alverson, Clinton J and Strickland, Matthew J and Gilboa, Suzanne M and Correa, Adolfo},
journal={Pediatrics},
volume={127},
number={3},
pages={e647--e653},
year={2011},
publisher={Am Acad Pediatrics}
}

@article{cassina2013pregnancy,
title={Pregnancy outcome in women exposed to antiepileptic drugs: teratogenic role of maternal epilepsy and its pharmacologic treatment},
author={Cassina, Matteo and Dilaghi, Arianna and Di Gianantonio, Elena and Cesari, Elena and De Santis, Marco and Mannaioni, Guido and Pistelli, Alessandra and Clementi, Maurizio},
journal={Reproductive toxicology},
volume={39},
pages={50--57},
year={2013},
publisher={Elsevier}
}

@article{jentink2010valproic,
title={Valproic acid monotherapy in pregnancy and major congenital malformations},
author={Jentink, Janneke and Loane, Maria A and Dolk, Helen and Barisic, Ingeborg and Garne, Ester and Morris, Joan K and de Jong-van den Berg, Lolkje TW},
journal={New England Journal of Medicine},
volume={362},
number={23},
pages={2185--2193},
year={2010},
publisher={Mass Medical Soc}
}

@article{dewan2012burden,
title={Burden of congenital rubella syndrome (CRS) in India: a systematic review},
author={Dewan, Pooja and Gupta, Piyush},
journal={Indian pediatrics},
volume={49},
number={5},
pages={377--399},
year={2012},
publisher={Springer}
}

@article{ionescu2009prevalence,
title={Prevalence of severe congenital heart disease after folic acid fortification of grain products: time trend analysis in Quebec, Canada},
author={Ionescu-Ittu, Raluca and Marelli, Ariane J and Mackie, Andrew S and Pilote, Louise and others},
journal={Bmj},
volume={338},
year={2009},
publisher={BMJ Publishing Group Ltd}
}

@article{van2010protective,
title={Protective effect of periconceptional folic acid supplements on the risk of congenital heart defects: a registry-based case--control study in the northern Netherlands},
author={van Beynum, Ingrid M and Kapusta, Livia and Bakker, Marian K and den Heijer, Martin and Blom, Henk J and de Walle, Hermien EK},
journal={European heart journal},
volume={31},
number={4},
pages={464--471},
year={2010},
publisher={Eur Soc Cardiology}
}

@article{wessels2010genetic,
title={Genetic factors in non-syndromic congenital heart malformations},
author={Wessels, MW and Willems, PJ},
journal={Clinical genetics},
volume={78},
number={2},
pages={103--123},
year={2010},
publisher={Wiley Online Library}
}

@article{christensen2009mthfd1,
title={The MTHFD1 p. Arg653Gln variant alters enzyme function and increases risk for congenital heart defects},
author={Christensen, Karen E and Rohlicek, Charles V and Andelfinger, Gregor U and Michaud, Jacques and Bigras, Jean-Luc and Richter, Andrea and MacKenzie, Robert E and Rozen, Rima},
journal={Human mutation},
volume={30},
number={2},
pages={212--220},
year={2009},
publisher={Wiley Online Library}
}

@article{van2006mtrr,
title={MTRR 66A> G polymorphism in relation to congenital heart defects},
author={van Beynum, Ingrid M and Kouwenberg, Margreet and Kapusta, Livia and den Heijer, Martin and van der Linden, Ivon JM and Daniels, Otto and Blom, Henk J},
journal={Clinical Chemical Laboratory Medicine},
volume={44},
number={11},
pages={1317--1323},
year={2006}
}

@article{pei2006genetic,
title={Genetic variation of infant reduced folate carrier (A80G) and risk of orofacial defects and congenital heart defects in China},
author={Pei, Lijun and Zhu, Huiping and Zhu, Jianghui and Ren, Aiguo and Finnell, Richard H and Li, Zhu},
journal={Annals of epidemiology},
volume={16},
number={5},
pages={352--356},
year={2006},
publisher={Elsevier}
}

@article{van2008eight,
title={Eight-fold increased risk for congenital heart defects in children carrying the nicotinamide N-methyltransferase polymorphism and exposed to medicines and low nicotinamide},
author={van Driel, Lydi MJW and Smedts, Huberdina PM and Helbing, Willem A and Isaacs, Aaron and Lindemans, Jan and Uitterlinden, Andr{\'e} G and van Duijn, Cornelia M and de Vries, Jeanne HM and Steegers, Eric AP and Steegers-Theunissen, R{\.e}gine PM},
journal={European heart journal},
year={2008},
publisher={Eur Soc Cardiology}
}

@article{verkleij2008genetic,
title={Genetic and lifestyle factors related to the periconception vitamin B12 status and congenital heart defects: a Dutch case-control study},
author={Verkleij-Hagoort, Anna C and van Driel, Lydi MJW and Lindemans, Jan and Isaacs, Aaron and Steegers, Eric AP and Helbing, Willem A and Uitterlinden, Andr{\'e} G and Steegers-Theunissen, R{\'e}gine PM},
journal={Molecular genetics and metabolism},
volume={94},
number={1},
pages={112--119},
year={2008},
publisher={Elsevier}
}

@article{shaw2005risks,
title={Risks of human conotruncal heart defects associated with 32 single nucleotide polymorphisms of selected cardiovascular disease-related genes},
author={Shaw, Gary M and Iovannisci, David M and Yang, Wei and Finnell, Richard H and Carmichael, Suzan L and Cheng, Suzanne and Lammer, Edward J},
journal={American Journal of Medical Genetics Part A},
volume={138},
number={1},
pages={21--26},
year={2005},
publisher={Wiley Online Library}
}

@article{lambrechts2005low,
title={Low expression VEGF haplotype increases the risk for tetralogy of Fallot: a family based association study},
author={Lambrechts, Diether and Devriendt, Koenraad and Driscoll, DA and Goldmuntz, E and Gewillig, Marc and Vlietinck, Robert and Collen, Desire and Carmeliet, Peter},
journal={Journal of medical genetics},
volume={42},
number={6},
pages={519--522},
year={2005},
publisher={BMJ Publishing Group Ltd}
}

@article{stalmans2003vegf,
title={VEGF: a modifier of the del22q11 (DiGeorge) syndrome?},
author={Stalmans, Ingeborg and Lambrechts, Diether and Jansen, Sandra and Wang, Jian and Maity, Sunit and Kneer, Paige and von der Ohe, Maren and Swillen, Ann and Maes, Christa and Gewillig, Marc and others},
journal={Nature medicine},
volume={9},
number={2},
pages={173--182},
year={2003},
publisher={Nature Publishing Group}
}

@article{varmuza2006differential,
title={Differential duplication of an intronic region in the NFATC1 gene in patients with congenital heart disease},
author={Varmuza, S and Yehya, Amin and Souki, Ramzi and Bitar, Fadi and Nemer, Georges},
journal={Genome},
volume={49},
number={9},
pages={1092--1098},
year={2006},
publisher={NRC Research Press}
}

@article{ferencz1989congenital,
title={Congenital cardiovascular malformations associated with chromosome abnormalities: an epidemiologic study},
author={Ferencz, Charlotte and Neill, Catherine A and Boughman, Joann A and Rubin, Judith D and Brenner, Joel I and Perry, Lowell W},
journal={The Journal of pediatrics},
volume={114},
number={1},
pages={79--86},
year={1989},
publisher={Elsevier}
}

@article{thienpont2007submicroscopic,
title={Submicroscopic chromosomal imbalances detected by array-CGH are a frequent cause of congenital heart defects in selected patients},
author={Thienpont, Bernard and Mertens, Luc and de Ravel, Thomy and Eyskens, Benedicte and Boshoff, Derize and Maas, Nicole and Fryns, Jean-Pierre and Gewillig, Marc and Vermeesch, Joris R and Devriendt, Koen},
journal={European heart journal},
volume={28},
number={22},
pages={2778--2784},
year={2007},
publisher={Eur Soc Cardiology}
}

@article{wentzel2008clinical,
title={Clinical variability of the 22q11. 2 duplication syndrome},
author={Wentzel, Christian and Fernstr{\"o}m, Maria and {\"O}hrner, Ylva and Anner{\'e}n, G{\"o}ran and Thuresson, Ann-Charlotte},
journal={European journal of medical genetics},
volume={51},
number={6},
pages={501--510},
year={2008},
publisher={Elsevier}
}

@inproceedings{stewart2007chromosome,
title={The chromosome 9q subtelomere deletion syndrome},
author={Stewart, Douglas R and Kleefstra, Tjitske},
booktitle={American Journal of Medical Genetics Part C: Seminars in Medical Genetics},
volume={145},
number={4},
pages={383--392},
year={2007},
organization={Wiley Online Library}
}

@article{andrieux2007genotype,
title={Genotype--phenotype correlation of 30 patients with Smith-Magenis syndrome (SMS) using comparative genome hybridisation array: cleft palate in SMS is associated with larger deletions},
author={Andrieux, J and Villenet, C and Quief, S and Lignon, S and Geffroy, S and Roumier, C and De Leersnyder, H and De Blois, MC and Manouvrier, S and Delobel, B and others},
journal={Journal of medical genetics},
volume={44},
number={8},
pages={537--540},
year={2007},
publisher={BMJ Publishing Group Ltd}
}

@article{brunetti2008recurrent,
title={Recurrent reciprocal 1q21. 1 deletions and duplications associated with microcephaly or macrocephaly and developmental and behavioral abnormalities},
author={Brunetti-Pierri, Nicola and Berg, Jonathan S and Scaglia, Fernando and Belmont, John and Bacino, Carlos A and Sahoo, Trilochan and Lalani, Seema R and Graham, Brett and Lee, Brendan and Shinawi, Marwan and others},
journal={Nature genetics},
volume={40},
number={12},
pages={1466--1471},
year={2008},
publisher={Nature Publishing Group}
}

@article{hernando2002comparative,
title={Comparative genomic hybridisation shows a partial de novo deletion 16p11. 2 in a neonate with multiple congenital malformations},
author={Hernando, C and Plaja, A and Rigola, MA and P{\'e}rez, MM and Vendrell, T and Egocue, J and Fuster, C},
journal={Journal of medical genetics},
volume={39},
number={5},
pages={e24--e24},
year={2002},
publisher={BMJ Publishing Group Ltd}
}

@article{brunetti2008recurrent,
title={Recurrent reciprocal 1q21. 1 deletions and duplications associated with microcephaly or macrocephaly and developmental and behavioral abnormalities},
author={Brunetti-Pierri, Nicola and Berg, Jonathan S and Scaglia, Fernando and Belmont, John and Bacino, Carlos A and Sahoo, Trilochan and Lalani, Seema R and Graham, Brett and Lee, Brendan and Shinawi, Marwan and others},
journal={Nature genetics},
volume={40},
number={12},
pages={1466--1471},
year={2008},
publisher={Nature Publishing Group}
}

@article{mefford2008recurrent,
title={Recurrent rearrangements of chromosome 1q21. 1 and variable pediatric phenotypes},
author={Mefford, Heather C and Sharp, Andrew J and Baker, Carl and Itsara, Andy and Jiang, Zhaoshi and Buysse, Karen and Huang, Shuwen and Maloney, Viv K and Crolla, John A and Baralle, Diana and others},
journal={New England Journal of Medicine},
volume={359},
number={16},
pages={1685--1699},
year={2008},
publisher={Mass Medical Soc}
}

@article{christiansen2004chromosome,
title={Chromosome 1q21. 1 contiguous gene deletion is associated with congenital heart disease},
author={Christiansen, Jesse and Dyck, John D and Elyas, Basil G and Lilley, Margaret and Bamforth, J Stephen and Hicks, Mark and Sprysak, Kathleen A and Tomaszewski, Robert and Haase, Shelagh M and Vicen-Wyhony, Leanne M and others},
journal={Circulation research},
volume={94},
number={11},
pages={1429--1435},
year={2004},
publisher={Am Heart Assoc}
}

@article{erdogan2008high,
title={High frequency of submicroscopic genomic aberrations detected by tiling path array comparative genome hybridisation in patients with isolated congenital heart disease},
author={Erdogan, Fikret and Larsen, Lars Allan and Zhang, Litu and T{\"u}mer, Zeynep and Tommerup, Niels and Chen, Wei and Jacobsen, Joes R and Schubert, Marei and Jurkatis, Jan and Tzschach, Andreas and others},
journal={Journal of medical genetics},
volume={45},
number={11},
pages={704--709},
year={2008},
publisher={BMJ Publishing Group Ltd}
}

@article{greenway2009novo,
title={De novo copy number variants identify new genes and loci in isolated sporadic tetralogy of Fallot},
author={Greenway, Steven C and Pereira, Alexandre C and Lin, Jennifer C and DePalma, Steven R and Israel, Samuel J and Mesquita, Sonia M and Ergul, Emel and Conta, Jessie H and Korn, Joshua M and McCarroll, Steven A and others},
journal={Nature genetics},
volume={41},
number={8},
pages={931--935},
year={2009},
publisher={Nature Publishing Group}
}

@article{knudson1972mutation,
title={Mutation and cancer: a model for Wilms' tumor of the kidney},
author={Knudson, Alfred G and Strons, Louise C},
journal={Journal of the National Cancer Institute},
volume={48},
number={2},
pages={313--324},
year={1972},
publisher={Oxford University Press}
}

@article{reamon2006bridging,
title={Bridging the gap between anatomy and molecular genetics for an improved understanding of congenital heart disease},
author={Reamon-Buettner, Stella Marie and Spanel-Borowski, Katharina and Borlak, J{\"u}rgen},
journal={Annals of Anatomy-Anatomischer Anzeiger},
volume={188},
number={3},
pages={213--220},
year={2006},
publisher={Elsevier}
}

@article{reamon2006hey2,
title={HEY2 mutations in malformed hearts},
author={Reamon-Buettner, Stella Marie and Borlak, Juergen},
journal={Human mutation},
volume={27},
number={1},
pages={118--118},
year={2006},
publisher={New York: Wiley-Liss, c1992-}
}

@article{reamon2004tbx5,
title={TBX5 mutations in Non-Holt-Oram Syndrome (HOS) malformed hearts},
author={Reamon-Buettner, Stella Marie and Borlak, Juergen},
journal={Human mutation},
volume={24},
number={1},
pages={104--104},
year={2004},
publisher={Wiley Online Library}
}

@article{reamon2004novel,
title={Novel NKX2--5 mutations in diseased heart tissues of patients with cardiac malformations},
author={Reamon-Buettner, Stella Marie and Hecker, Hartmut and Spanel-Borowski, Katharina and Craatz, Steffen and Kuenzel, Eberhard and Borlak, Juergen},
journal={The American journal of pathology},
volume={164},
number={6},
pages={2117--2125},
year={2004},
publisher={Elsevier}
}

@article{reamon2004somatic,
title={Somatic NKX2-5 mutations as a novel mechanism of disease in complex congenital heart disease},
author={Reamon-Buettner, SM and Borlak, J},
journal={Journal of medical genetics},
volume={41},
number={9},
pages={684--690},
year={2004},
publisher={BMJ Publishing Group Ltd}
}

@article{reamon2006somatic,
title={Somatic mutations in cardiac malformations},
author={Reamon-Buettner, SM and Borlak, J},
journal={Journal of medical genetics},
volume={43},
number={8},
pages={e45--e45},
year={2006},
publisher={BMJ Publishing Group Ltd}
}

@article{reamon2008loss,
title={A loss-of-function mutation in the binding domain of HAND1 predicts hypoplasia of the human hearts},
author={Reamon-Buettner, Stella Marie and Ciribilli, Yari and Inga, Alberto and Borlak, Juergen},
journal={Human molecular genetics},
volume={17},
number={10},
pages={1397--1405},
year={2008},
publisher={Oxford Univ Press}
}

@article{draus2009investigation,
title={Investigation of somatic NKX2-5 mutations in congenital heart disease},
author={Draus, JM and Hauck, MA and Goetsch, M and Austin, EH3rd and Tomita-Mitchell, A and Mitchell, ME},
journal={Journal of medical genetics},
volume={46},
number={2},
pages={115--122},
year={2009},
publisher={BMJ Publishing Group Ltd}
}

@article{naiche2005t,
title={T-box genes in vertebrate development},
author={Naiche, LA and Harrelson, Zachary and Kelly, Robert G and Papaioannou, Virginia E},
journal={Annu. Rev. Genet.},
volume={39},
pages={219--239},
year={2005},
publisher={Annual Reviews}
}

@article{plageman2005t,
title={T-box genes and heart development: Putting the “T” in heart},
author={Plageman, Timothy F and Yutzey, Katherine E},
journal={Developmental Dynamics},
volume={232},
number={1},
pages={11--20},
year={2005},
publisher={Wiley Online Library}
}

@article{stennard2005t,
title={T-box transcription factors and their roles in regulatory hierarchies in the developing heart},
author={Stennard, Fiona A and Harvey, Richard P},
journal={Development},
volume={132},
number={22},
pages={4897--4910},
year={2005},
publisher={The Company of Biologists Limited}
}

@article{merscher2001tbx1,
title={TBX1 is responsible for cardiovascular defects in velo-cardio-facial/DiGeorge syndrome},
author={Merscher, Sandra and Funke, Birgit and Epstein, Jonathan A and Heyer, Joerg and Puech, Anne and Lu, Min Min and Xavier, Ramnik J and Demay, Marie B and Russell, Robert G and Factor, Stephen and others},
journal={Cell},
volume={104},
number={4},
pages={619--629},
year={2001},
publisher={Elsevier}
}

@article{jerome2001digeorge,
title={DiGeorge syndrome phenotype in mice mutant for the T-box gene, Tbx1},
author={Jerome, Loydie A and Papaioannou, Virginia E},
journal={Nature genetics},
volume={27},
number={3},
pages={286--291},
year={2001},
publisher={Nature Publishing Group}
}

@article{liao2004full,
title={Full spectrum of malformations in velo-cardio-facial syndrome/DiGeorge syndrome mouse models by altering Tbx1 dosage},
author={Liao, Jun and Kochilas, Lazaros and Nowotschin, Sonja and Arnold, Jelena S and Aggarwal, Vimla S and Epstein, Jonathan A and Brown, M Christian and Adams, Joe and Morrow, Bernice E},
journal={Human molecular genetics},
volume={13},
number={15},
pages={1577--1585},
year={2004},
publisher={Oxford Univ Press}
}

@article{nowotschin2006tbx1,
title={Tbx1 affects asymmetric cardiac morphogenesis by regulating Pitx2 in the secondary heart field},
author={Nowotschin, Sonja and Liao, Jun and Gage, Philip J and Epstein, Jonathan A and Campione, Marina and Morrow, Bernice E},
journal={Development},
volume={133},
number={8},
pages={1565--1573},
year={2006},
publisher={The Company of Biologists Limited}
}

@article{harvey2002patterning,
title={Patterning the vertebrate heart},
author={Harvey, Richard P},
journal={Nature Reviews Genetics},
volume={3},
number={7},
pages={544--556},
year={2002},
publisher={Nature Publishing Group}
}

@article{liberatore2002nkx,
title={Nkx-2.5 gene induction in mice is mediated by a Smad consensus regulatory region},
author={Liberatore, Christine M and Searcy-Schrick, Robin D and Vincent, Eric B and Yutzey, Katherine E},
journal={Developmental biology},
volume={244},
number={2},
pages={243--256},
year={2002},
publisher={Elsevier}
}

@article{lien2002cardiac,
title={Cardiac-specific activity of an Nkx2--5 enhancer requires an evolutionarily conserved Smad binding site},
author={Lien, Ching-Ling and McAnally, John and Richardson, James A and Olson, Eric N},
journal={Developmental biology},
volume={244},
number={2},
pages={257--266},
year={2002},
publisher={Elsevier}
}

@article{lien1999control,
title={Control of early cardiac-specific transcription of Nkx2-5 by a GATA-dependent enhancer},
author={Lien, Ching-Ling and Wu, Chuan-zhen and Mercer, Brian and Webb, Robert and Richardson, James A and Olson, Eric N},
journal={Development},
volume={126},
number={1},
pages={75--84},
year={1999},
publisher={The Company of Biologists Limited}
}

@article{searcy1998gata,
title={A GATA-dependent nkx-2.5 regulatory element activates early cardiac gene expression in transgenic mice},
author={Searcy, Robin D and Vincent, Eric B and Liberatore, Christine M and Yutzey, Katherine E},
journal={Development},
volume={125},
number={22},
pages={4461--4470},
year={1998},
publisher={The Company of Biologists Limited}
}

@article{prall2007nkx2,
title={An Nkx2-5/Bmp2/Smad1 negative feedback loop controls heart progenitor specification and proliferation},
author={Prall, Owen WJ and Menon, Mary K and Solloway, Mark J and Watanabe, Yusuke and Zaffran, St{\'e}phane and Bajolle, Fanny and Biben, Christine and McBride, Jim J and Robertson, Bronwyn R and Chaulet, Herv{\'e} and others},
journal={Cell},
volume={128},
number={5},
pages={947--959},
year={2007},
publisher={Elsevier}
}

@article{takeuchi2005tbx20,
title={Tbx20 dose-dependently regulates transcription factor networks required for mouse heart and motoneuron development},
author={Takeuchi, Jun K and Mileikovskaia, Maria and Koshiba-Takeuchi, Kazuko and Heidt, Analeah B and Mori, Alessandro D and Arruda, Eric P and Gertsenstein, Marina and Georges, Romain and Davidson, Lorinda and Mo, Rong and others},
journal={Development},
volume={132},
number={10},
pages={2463--2474},
year={2005},
publisher={The Company of Biologists Limited}
}

@article{yamagishi2001combinatorial,
title={The combinatorial activities of Nkx2. 5 and dHAND are essential for cardiac ventricle formation},
author={Yamagishi, Hiroyuki and Yamagishi, Chihiro and Nakagawa, Osamu and Harvey, Richard P and Olson, Eric N and Srivastava, Deepak},
journal={Developmental biology},
volume={239},
number={2},
pages={190--203},
year={2001},
publisher={Elsevier}
}

@article{vincentz2008cooperative,
title={Cooperative interaction of Nkx2. 5 and Mef2c transcription factors during heart development},
author={Vincentz, Joshua W and Barnes, Ralston M and Firulli, Beth A and Conway, Simon J and Firulli, Anthony B},
journal={Developmental Dynamics},
volume={237},
number={12},
pages={3809--3819},
year={2008},
publisher={Wiley Online Library}
}

@article{sepulveda2002combinatorial,
title={Combinatorial expression of GATA4, Nkx2-5, and serum response factor directs early cardiac gene activity},
author={Sepulveda, Jorge L and Vlahopoulos, Spiros and Iyer, Dinakar and Belaguli, Narasimhaswamy and Schwartz, Robert J},
journal={Journal of Biological Chemistry},
volume={277},
number={28},
pages={25775--25782},
year={2002},
publisher={ASBMB}
}

@article{barth2010jarid2,
title={Jarid2 is among a set of genes differentially regulated by Nkx2. 5 during outflow tract morphogenesis},
author={Barth, Jeremy L and Clark, Christopher D and Fresco, Victor M and Knoll, Ellen P and Lee, Benjamin and Argraves, W Scott and Lee, Kyu-Ho},
journal={Developmental Dynamics},
volume={239},
number={7},
pages={2024--2033},
year={2010},
publisher={Wiley Online Library}
}

@article{lyons1995myogenic,
title={Myogenic and morphogenetic defects in the heart tubes of murine embryos lacking the homeo box gene Nkx2-5.},
author={Lyons, Ian and Parsons, Linda M and Hartley, Lynne and Li, Ruili and Andrews, Jane E and Robb, Lorraine and Harvey, Richard P},
journal={Genes \& development},
volume={9},
number={13},
pages={1654--1666},
year={1995},
publisher={Cold Spring Harbor Lab}
}

@article{tanaka1999cardiac,
title={The cardiac homeobox gene Csx/Nkx2. 5 lies genetically upstream of multiple genes essential for heart development},
author={Tanaka, Makoto and Chen, Zhi and Bartunkova, Sonia and Yamasaki, Naohito and Izumo, Seigo},
journal={Development},
volume={126},
number={6},
pages={1269--1280},
year={1999},
publisher={The Company of Biologists Limited}
}

@article{benson2010genetic,
title={Genetic origins of pediatric heart disease},
author={Benson, D Woodrow},
journal={Pediatric cardiology},
volume={31},
number={3},
pages={422--429},
year={2010},
publisher={Springer}
}

@article{biben2000cardiac,
title={Cardiac septal and valvular dysmorphogenesis in mice heterozygous for mutations in the homeobox gene Nkx2-5},
author={Biben, Christine and Weber, Roberta and Kesteven, Scott and Stanley, Edouard and McDonald, Lachlan and Elliott, David A and Barnett, Louise and K{\"o}entgen, Frank and Robb, Lorraine and Feneley, Michael and others},
journal={Circulation research},
volume={87},
number={10},
pages={888--895},
year={2000},
publisher={Am Heart Assoc}
}

@article{blaschke2007targeted,
title={Targeted mutation reveals essential functions of the homeodomain transcription factor Shox2 in sinoatrial and pacemaking development},
author={Blaschke, R{\"u}diger J and Hahurij, Nathan D and Kuijper, Sanne and Just, Steffen and Wisse, Lambertus J and Deissler, Kirsten and Maxelon, Tina and Anastassiadis, Konstantinos and Spitzer, Jessica and Hardt, Stefan E and others},
journal={Circulation},
volume={115},
number={14},
pages={1830--1838},
year={2007},
publisher={Am Heart Assoc}
}

@article{espinoza2009shox2,
title={Shox2 is essential for the differentiation of cardiac pacemaker cells by repressing Nkx2-5},
author={Espinoza-Lewis, Ram{\'o}n A and Yu, Ling and He, Fenglei and Liu, Hongbing and Tang, Ruhang and Shi, Jiangli and Sun, Xiaoxiao and Martin, James F and Wang, Dazhi and Yang, Jing and others},
journal={Developmental biology},
volume={327},
number={2},
pages={376--385},
year={2009},
publisher={Elsevier}
}

@article{reamon2010nkx2,
title={NKX2--5: an update on this hypermutable homeodomain protein and its role in human congenital heart disease (CHD)},
author={Reamon-Buettner, Stella Marie and Borlak, Juergen},
journal={Human mutation},
volume={31},
number={11},
pages={1185--1194},
year={2010},
publisher={Wiley Online Library}
}

@article{jay2004nkx2,
title={Nkx2-5 mutation causes anatomic hypoplasia of the cardiac conduction system},
author={Jay, Patrick Y and Harris, Brett S and Maguire, Colin T and Buerger, Antje and Wakimoto, Hiroko and Tanaka, Makoto and Kupershmidt, Sabina and Roden, Dan M and Schultheiss, Thomas M and O’Brien, Terrence X and others},
journal={Journal of Clinical Investigation},
volume={113},
number={8},
pages={1130},
year={2004},
publisher={American Society for Clinical Investigation}
}

@article{moskowitz2007molecular,
title={A molecular pathway including Id2, Tbx5, and Nkx2-5 required for cardiac conduction system development},
author={Moskowitz, Ivan PG and Kim, Jae B and Moore, Meredith L and Wolf, Cordula M and Peterson, Michael A and Shendure, Jay and Nobrega, Marcelo A and Yokota, Yoshifumi and Berul, Charles and Izumo, Seigo and others},
journal={Cell},
volume={129},
number={7},
pages={1365--1376},
year={2007},
publisher={Elsevier}
}

@article{nelson1952production,
title={Production of Multiple Congenital Abnormalities in Young by Maternal Pteroylglutamic Acid Deficiency during Gestation Thirteen Figures},
author={Nelson, Marjorie M and Asling, C Willet and Evans, Herbert M},
journal={The Journal of nutrition},
volume={48},
number={1},
pages={61--79},
year={1952},
publisher={Am Soc Nutrition}
}

@article{baird1954congenital,
title={Congenital cardiovascular anomalies induced by pteroylglutamic acid deficiency during gestation in the rat},
author={BAIRD, CATHERINE DC and NELSON, MARJORIE M and MONIE, IAN W and EVANS, HERBERT M},
journal={Circulation research},
volume={2},
number={6},
pages={544--554},
year={1954},
publisher={Am Heart Assoc}
}

@article{hibbard1965folic,
title={Folic acid and reproduction},
author={Hibbard, BM and Hibbard, Elizabeth D and Jeffcoate, TNA},
journal={Acta obstetricia et gynecologica Scandinavica},
volume={44},
number={3},
pages={375--400},
year={1965},
publisher={Wiley Online Library}
}

@article{smithells1976vitamin,
title={Vitamin dificiencies and neural tube defects.},
author={Smithells, RW and Sheppard, S and Schorah, CJ},
journal={Archives of Disease in Childhood},
volume={51},
number={12},
pages={944--950},
year={1976},
publisher={BMJ Publishing Group Ltd and Royal College of Paediatrics and Child Health}
}

@article{kirby1983neural,
title={Neural crest cells contribute to normal aorticopulmonary septation},
author={Kirby, Margaret L and Gale, Thomas F and Stewart, Donald E},
journal={Science},
volume={220},
number={4601},
pages={1059--1061},
year={1983},
publisher={American Association for the Advancement of Science}
}

@article{bartelings1985contribution,
title={Contribution of the aortopulmonary septum to the muscular outlet septum in the human heart.},
author={Bartelings, MM and Wenink, AC and Gittenberger-de Groot, AC and Oppenheimer-Dekker, A},
journal={Acta morphologica Neerlando-Scandinavica},
volume={24},
number={3},
pages={181--192},
year={1985}
}

@article{shaw1995maternal,
title={Maternal periconceptional use of multivitamins and reduced risk for conotruncal heart defects and limb deficiencies among offspring},
author={Shaw, Gary M and O'Malley, Cynthia D and Wasserman, Cathy R and Tolarova, Marie M and Lammer, Edward J},
journal={American journal of medical genetics},
volume={59},
number={4},
pages={536--545},
year={1995},
publisher={Wiley Online Library}
}

@article{boot2003folic,
title={Folic acid and homocysteine affect neural crest and neuroepithelial cell outgrowth and differentiation in vitro},
author={Boot, Marit J and Steegers-Theunissen, R{\'e}gine PM and Poelmann, Robert E and Van Iperen, Liesbeth and Lindemans, Jan and Groot, Gittenberger-De and Adriana, C},
journal={Developmental dynamics},
volume={227},
number={2},
pages={301--308},
year={2003},
publisher={Wiley Online Library}
}

@article{botto1996periconceptional,
title={Periconceptional multivitamin use and the occurrence of conotruncal heart defects: results from a population-based, case-control study},
author={Botto, Lorenzo D and Khoury, Muin J and Mulinare, Joseph and Erickson, J David},
journal={Pediatrics},
volume={98},
number={5},
pages={911--917},
year={1996},
publisher={Am Acad Pediatrics}
}

@article{czeizel1998periconceptional,
title={Periconceptional folic acid containing multivitamin supplementation},
author={Czeizel, Andrew E},
journal={European Journal of Obstetrics \& Gynecology and Reproductive Biology},
volume={78},
number={2},
pages={151--161},
year={1998},
publisher={Elsevier}
}

@article{botto2000occurrence,
title={Occurrence of congenital heart defects in relation to maternal multivitamin use},
author={Botto, Lorenzo D and Mulinare, Joseph and Erickson, J David},
journal={American Journal of Epidemiology},
volume={151},
number={9},
pages={878--884},
year={2000},
publisher={Oxford Univ Press}
}

@article{boot2004cardiac,
title={Cardiac outflow tract malformations in chick embryos exposed to homocysteine},
author={Boot, Marit J and Steegers-Theunissen, R{\'e}gine PM and Poelmann, Robert E and van Iperen, Liesbeth and Gittenberger-de Groot, Adriana C},
journal={Cardiovascular research},
volume={64},
number={2},
pages={365--373},
year={2004},
publisher={The Oxford University Press}
}


@article{fowler2001folate,
title={The folate cycle and disease in humans},
author={Fowler, Brian},
journal={Kidney International},
volume={59},
number={s 78},
pages={221--229},
year={2001}
}

@article{stanger2002physiology,
title={Physiology of folic acid in health and disease},
author={Stanger, O},
journal={Current drug metabolism},
volume={3},
number={2},
pages={211--223},
year={2002},
publisher={Bentham Science Publishers}
}


@article{crider2012folate,
title={Folate and DNA methylation: a review of molecular mechanisms and the evidence for folate’s role},
author={Crider, Krista S and Yang, Thomas P and Berry, Robert J and Bailey, Lynn B},
journal={Advances in Nutrition: An International Review Journal},
volume={3},
number={1},
pages={21--38},
year={2012},
publisher={Am Soc Nutrition}
}

@article{hubner2009folate,
title={Folate and colorectal cancer prevention},
author={Hubner, RA and Houlston, RS},
journal={British journal of cancer},
volume={100},
number={2},
pages={233--239},
year={2009},
publisher={Nature Publishing Group}
}

@article{liu20104,
title={4 Folate and One-Carbon Metabolism and Its Impact on Aberrant DNA Methylation in Cancer},
author={Liu, Jia and Lynne Ward, Robyn},
journal={Advances in genetics},
volume={71},
pages={79},
year={2010}
}

@article{zhang2013genetic,
title={Genetic variants in the folate pathway and the risk of neural tube defects: a meta-analysis of the published literature},
author={Zhang, Ti and Lou, Jiao and Zhong, Rong and Wu, Jing and Zou, Li and Sun, Yu and Lu, Xuzai and Liu, Li and Miao, Xiaoping and Xiong, Guanglian},
journal={PLos one},
volume={8},
number={4},
pages={e59570},
year={2013},
publisher={Public Library of Science}
}

@article{akazawa2005cardiac,
title={Cardiac transcription factor Csx/Nkx2-5: Its role in cardiac development and diseases},
author={Akazawa, Hiroshi and Komuro, Issei},
journal={Pharmacology \& therapeutics},
volume={107},
number={2},
pages={252--268},
year={2005},
publisher={Elsevier}
}

@article{benson1999mutations,
title={Mutations in the cardiac transcription factor NKX2. 5 affect diverse cardiac developmental pathways},
author={Benson, D Woodrow and Silberbach, G Michael and Kavanaugh-McHugh, Ann and Cottrill, Carol and Zhang, Yizhong and Riggs, Steve and Smalls, Octavia and Johnson, Mark C and Watson, Michael S and Seidman, JG and others},
journal={Journal of Clinical Investigation},
volume={104},
number={11},
pages={1567},
year={1999},
publisher={American Society for Clinical Investigation}
}

@article{goldmuntz2001nkx2,
title={NKX2. 5 mutations in patients with tetralogy of fallot},
author={Goldmuntz, Elizabeth and Geiger, Elizabeth and Benson, D Woodrow},
journal={Circulation},
volume={104},
number={21},
pages={2565--2568},
year={2001},
publisher={Am Heart Assoc}
}

@article{reamon2004somatic,
title={Somatic NKX2-5 mutations as a novel mechanism of disease in complex congenital heart disease},
author={Reamon-Buettner, SM and Borlak, J},
journal={Journal of medical genetics},
volume={41},
number={9},
pages={684--690},
year={2004},
publisher={BMJ Publishing Group Ltd}
}

@article{reamon2004novel,
title={Novel NKX2--5 mutations in diseased heart tissues of patients with cardiac malformations},
author={Reamon-Buettner, Stella Marie and Hecker, Hartmut and Spanel-Borowski, Katharina and Craatz, Steffen and Kuenzel, Eberhard and Borlak, Juergen},
journal={The American journal of pathology},
volume={164},
number={6},
pages={2117--2125},
year={2004},
publisher={Elsevier}
}

@article{inga2005functional,
title={Functional dissection of sequence-specific NKX2-5 DNA binding domain mutations associated with human heart septation defects using a yeast-based system},
author={Inga, Alberto and Reamon-Buettner, Stella Marie and Borlak, Juergen and Resnick, Michael A},
journal={Human molecular genetics},
volume={14},
number={14},
pages={1965--1975},
year={2005},
publisher={Oxford Univ Press}
}

@article{grow1998tinman,
title={Tinman Function Is Essential for Vertebrate Heart Development: Elimination of Cardiac Differentiation by Dominant Inhibitory Mutants of thetinman-Related Genes, XNkx2-3andXNkx2-5},
author={Grow, Matthew W and Krieg, Paul A},
journal={Developmental biology},
volume={204},
number={1},
pages={187--196},
year={1998},
publisher={Elsevier}
}

@article{kasahara2004biochemical,
title={Biochemical analyses of eight NKX2. 5 homeodomain missense mutations causing atrioventricular block and cardiac anomalies},
author={Kasahara, Hideko and Benson, D Woodrow},
journal={Cardiovascular Research},
volume={64},
number={1},
pages={40--51},
year={2004},
publisher={The Oxford University Press}
}

@article{kasahara2000loss,
title={Loss of function and inhibitory effects of human CSX/NKX2. 5 homeoprotein mutations associated with congenital heart disease},
author={Kasahara, Hideko and Lee, Bora and Schott, Jean-Jacques and Benson, D Woodrow and Seidman, JG and Seidman, Christine E and Izumo, Seigo},
journal={Journal of Clinical Investigation},
volume={106},
number={2},
pages={299},
year={2000},
publisher={American Society for Clinical Investigation}
}

@article{kasahara2001progressive,
title={Progressive atrioventricular conduction defects and heart failure in mice expressing a mutant Csx/Nkx2. 5 homeoprotein},
author={Kasahara, Hideko and Wakimoto, Hiroko and Liu, Margaret and Maguire, Colin T and Converso, Kimber L and Shioi, Tetsuo and Huang, Weei-Yuarn and Manning, Warren J and Paul, David and Lawitts, Joel and others},
journal={Journal of Clinical Investigation},
volume={108},
number={2},
pages={189},
year={2001},
publisher={American Society for Clinical Investigation}
}

@article{mcelhinney2003nkx2,
title={NKX2. 5 mutations in patients with congenital heart disease},
author={McElhinney, Doff B and Geiger, Elizabeth and Blinder, Joshua and Benson, D Woodrow and Goldmuntz, Elizabeth},
journal={Journal of the American College of Cardiology},
volume={42},
number={9},
pages={1650--1655},
year={2003},
publisher={Am Coll Cardio Found}
}

@article{dinesh2010single,
title={Single-nucleotide polymorphisms of NKX2. 5 found in congenital heart disease patients of Mysore, South India},
author={Dinesh, SM and Kusuma, L and Smitha, R and Savitha, MR and Krishnamurthy, B and Narayanappa, D and Ramachandra, Nallur B},
journal={Genetic testing and molecular biomarkers},
volume={14},
number={6},
pages={873--879},
year={2010},
publisher={Mary Ann Liebert, Inc. 140 Huguenot Street, 3rd Floor New Rochelle, NY 10801 USA}
}

@article{pabst2008novel,
title={A novel stop mutation truncating critical regions of the cardiac transcription factor NKX2-5 in a large family with autosomaldominant inherited congenital heart disease},
author={Pabst, S and Wollnik, B and Rohmann, E and Hintz, Y and Gl{\"a}nzer, K and Vetter, H and Nickenig, G and others},
journal={Clinical Research in Cardiology},
volume={97},
number={1},
pages={39--42},
year={2008},
publisher={Springer}
}

@article{sheng2013dna,
title={DNA methylation status of NKX2-5, GATA4 and HAND1 in patients with tetralogy of fallot},
author={Sheng, Wei and Qian, Yanyan and Wang, Huijun and Ma, Xiaojing and Zhang, Ping and Diao, Lianwei and An, Quan and Chen, Long and Ma, Duan and Huang, Guoying},
journal={BMC medical genomics},
volume={6},
number={1},
pages={46},
year={2013},
publisher={BioMed Central Ltd}
}

@article{schwarz2014mutationtaster2,
title={MutationTaster2: mutation prediction for the deep-sequencing age},
author={Schwarz, Jana Marie and Cooper, David N and Schuelke, Markus and Seelow, Dominik},
journal={Nature methods},
volume={11},
number={4},
pages={361--362},
year={2014},
publisher={Nature Publishing Group}
}

@article{schott1998congenital,
title={Congenital heart disease caused by mutations in the transcription factor NKX2-5},
author={Schott, Jean-Jacques and Benson, D Woodrow and Basson, Craig T and Pease, William and Silberbach, G Michael and Moak, Jeffrey P and Maron, Barry J and Seidman, Christine E and Seidman, Jonathan G},
journal={Science},
volume={281},
number={5373},
pages={108--111},
year={1998},
publisher={American Association for the Advancement of Science}
}

@article{watanabe2002two,
title={Two novel frameshift mutations in NKX2. 5 result in novel features including visceral inversus and sinus venosus type ASD},
author={Watanabe, Y and Benson, DW and Yano, S and Akagi, T and Yoshino, M and Murray, JC},
journal={Journal of medical genetics},
volume={39},
number={11},
pages={807--811},
year={2002},
publisher={BMJ Publishing Group Ltd}
}

@article{elliott2003cardiac,
title={Cardiac homeobox gene NKX2-5 mutations and congenital heart disease: associations with atrial septal defect and hypoplastic left heart syndrome},
author={Elliott, David A and Kirk, Edwin P and Yeoh, Thomas and Chandar, Suchitra and McKenzie, Fiona and Taylor, Peter and Grossfeld, Paul and Fatkin, Diane and Jones, Owen and Hayes, Peter and others},
journal={Journal of the American College of Cardiology},
volume={41},
number={11},
pages={2072--2076},
year={2003},
publisher={Am Coll Cardio Found}
}

@article{hirayama2005phenotypes,
title={Phenotypes with GATA4 or NKX2. 5 mutations in familial atrial septal defect},
author={Hirayama-Yamada, Kayoko and Kamisago, Mitsuhiro and Akimoto, Kaoru and Aotsuka, Hiroyuki and Nakamura, Yoshihide and Tomita, Hideshi and Furutani, Michiko and Imamura, Shin-ichiro and Takao, Atsuyoshi and Nakazawa, Makoto and others},
journal={American journal of medical genetics Part A},
volume={135},
number={1},
pages={47--52},
year={2005},
publisher={Wiley Online Library}
}

@article{sarkozy2005spectrum,
title={Spectrum of atrial septal defects associated with mutations of NKX2. 5 and GATA4 transcription factors},
author={Sarkozy, A and Conti, E and Neri, C and d’Agostino, R and Digilio, MC and Esposito, G and Toscano, A and Marino, B and Pizzuti, A and Dallapiccola, B},
journal={Journal of medical genetics},
volume={42},
number={2},
pages={e16--e16},
year={2005},
publisher={BMJ Publishing Group Ltd}
}

@article{draus2009investigation,
title={Investigation of somatic NKX2-5 mutations in congenital heart disease},
author={Draus, JM and Hauck, MA and Goetsch, M and Austin, EH3rd and Tomita-Mitchell, A and Mitchell, ME},
journal={Journal of medical genetics},
volume={46},
number={2},
pages={115--122},
year={2009},
publisher={BMJ Publishing Group Ltd}
}

@article{reamon2013transcriptional,
title={Transcriptional defect of an inherited NKX2-5 haplotype comprising a SNP, a nonsynonymous and a synonymous mutation, associated with human congenital heart disease},
author={Reamon-Buettner, Stella Marie and Sattlegger, Evelyn and Ciribilli, Yari and Inga, Alberto and Wessel, Armin and Borlak, J{\"u}rgen},
journal={PloS one},
volume={8},
number={12},
pages={e83295},
year={2013},
publisher={Public Library of Science}
}

@inproceedings{schinke2001lack,
title={Lack of the conserved NK2-domain of the cardiac transcription factor NKX2. 5 causes multiple heart defects},
author={Schinke, M and Litovsky, S and Usheva, A and Tanaka, M and Maguire, C and Berul, C and Izumo, S},
booktitle={Circulation},
volume={104},
number={17},
pages={27--27},
year={2001},
organization={LIPPINCOTT WILLIAMS \& WILKINS 530 WALNUT ST, PHILADELPHIA, PA 19106-3621 USA}
}

@article{lyons1995myogenic,
title={Myogenic and morphogenetic defects in the heart tubes of murine embryos lacking the homeo box gene Nkx2-5.},
author={Lyons, Ian and Parsons, Linda M and Hartley, Lynne and Li, Ruili and Andrews, Jane E and Robb, Lorraine and Harvey, Richard P},
journal={Genes \& development},
volume={9},
number={13},
pages={1654--1666},
year={1995},
publisher={Cold Spring Harbor Lab}
}

@article{tanaka1999cardiac,
title={The cardiac homeobox gene Csx/Nkx2. 5 lies genetically upstream of multiple genes essential for heart development},
author={Tanaka, Makoto and Chen, Zhi and Bartunkova, Sonia and Yamasaki, Naohito and Izumo, Seigo},
journal={Development},
volume={126},
number={6},
pages={1269--1280},
year={1999},
publisher={The Company of Biologists Limited}
}

@article{biben2000cardiac,
title={Cardiac septal and valvular dysmorphogenesis in mice heterozygous for mutations in the homeobox gene Nkx2-5},
author={Biben, Christine and Weber, Roberta and Kesteven, Scott and Stanley, Edouard and McDonald, Lachlan and Elliott, David A and Barnett, Louise and K{\"o}entgen, Frank and Robb, Lorraine and Feneley, Michael and others},
journal={Circulation research},
volume={87},
number={10},
pages={888--895},
year={2000},
publisher={Am Heart Assoc}
}

@article{briggs2008perinatal,
title={Perinatal loss of Nkx2-5 results in rapid conduction and contraction defects},
author={Briggs, Laura E and Takeda, Morihiko and Cuadra, Adolfo E and Wakimoto, Hiroko and Marks, Melissa H and Walker, Alexandra J and Seki, Tsugio and Oh, Suk P and Lu, Jonathan T and Sumners, Colin and others},
journal={Circulation research},
volume={103},
number={6},
pages={580--590},
year={2008},
publisher={Am Heart Assoc}
}

@article{pang2012genetic,
title={Genetic and functional analysis of the NKX2-5 gene promoter in patients with ventricular septal defects},
author={Pang, Shuchao and Shan, Jiping and Qiao, Yanli and Ma, Liming and Qin, Xianyun and Wanyan, Hongxin and Xing, Qining and Wu, Guanghua and Yan, Bo},
journal={Pediatric cardiology},
volume={33},
number={8},
pages={1355--1361},
year={2012},
publisher={Springer}
}

@article{smedts2008maternal,
title={Maternal intake of fat, riboflavin and nicotinamide and the risk of having offspring with congenital heart defects},
author={Smedts, Huberdina PM and Rakhshandehroo, Maryam and Verkleij-Hagoort, Anna C and de Vries, Jeanne HM and Ottenkamp, Jaap and Steegers, Eric AP and Steegers-Theunissen, R{\'e}gine PM},
journal={European journal of nutrition},
volume={47},
number={7},
pages={357--365},
year={2008},
publisher={Springer}
}

@article{rosenquist1996homocysteine,
title={Homocysteine induces congenital defects of the heart and neural tube: effect of folic acid},
author={Rosenquist, Thomas H and Ratashak, S Anne and Selhub, Jacob},
journal={Proceedings of the National Academy of Sciences},
volume={93},
number={26},
pages={15227--15232},
year={1996},
publisher={National Acad Sciences}
}

@article{botto2003multivitamin,
title={Do multivitamin or folic acid supplements reduce the risk for congenital heart defects? Evidence and gaps},
author={Botto, Lorenzo D and Mulinare, Joseph and Erickson, J David},
journal={American Journal of Medical Genetics Part A},
volume={121},
number={2},
pages={95--101},
year={2003},
publisher={Wiley Online Library}
}

@article{boot2004cardiac,
title={Cardiac outflow tract malformations in chick embryos exposed to homocysteine},
author={Boot, Marit J and Steegers-Theunissen, R{\'e}gine PM and Poelmann, Robert E and van Iperen, Liesbeth and Gittenberger-de Groot, Adriana C},
journal={Cardiovascular research},
volume={64},
number={2},
pages={365--373},
year={2004},
publisher={The Oxford University Press}
}

@article{bailey2005folic,
title={Folic acid supplementation and the occurrence of congenital heart defects, orofacial clefts, multiple births, and miscarriage},
author={Bailey, Lynn B and Berry, Robert J},
journal={The American journal of clinical nutrition},
volume={81},
number={5},
pages={1213S--1217S},
year={2005},
publisher={Am Soc Nutrition}
}

@book{bailey2009folate,
title={Folate in health and disease},
author={Bailey, Lynn B},
year={2009},
publisher={CRC Press}
}

@article{deeparani2009detection,
title={Detection of MTHFR C677T and A1298C gene polymorphism in congenital heart disease},
author={Deeparani, T and Pillai, M Radhakrishna and Elavazhagan, T and others},
journal={Middle-East J Scientific Res},
volume={4},
number={2},
pages={127--32},
year={2009}
}

@article{shaw2003genetic,
title={Genetic variation of infant reduced folate carrier (A80G) and risk of orofacial and conotruncal heart defects},
author={Shaw, Gary M and Zhu, Huiping and Lammer, Edward J and Yang, Wei and Finnell, Richard H},
journal={American journal of epidemiology},
volume={158},
number={8},
pages={747--752},
year={2003},
publisher={Oxford Univ Press}
}

@article{galbiatti20105,
title={5-Methyltetrahydrofolate-homocysteine methyltransferase gene polymorphism (MTR) and risk of head and neck cancer},
author={Galbiatti, ALS and Ruiz, MT and Biselli-Chicote, PM and Raposo, LS and Maniglia, JV and Pavarino-Bertelli, EC and Goloni-Bertollo, EM},
journal={Brazilian Journal of Medical and Biological Research},
volume={43},
number={5},
pages={445--450},
year={2010},
publisher={SciELO Brasil}
}

@article{zeng2011a66g,
title={A66G and C524T polymorphisms of the methionine synthase reductase gene are associated with congenital heart defects in the Chinese Han population},
author={Zeng, W and Liu, L and Tong, Y and Liu, HM and Dai, L and Mao, M},
journal={Genet Mol Res},
volume={10},
number={4},
pages={2597--2605},
year={2011}
}

@article{galdieri2007homocysteine,
title={Homocysteine concentrations and molecular analysis in patients with congenital heart defects},
author={Galdieri, Luciano C and Arrieta, Santiago R and Silva, C{\'e}lia MC and Pedra, Carlos AC and D'Almeida, V{\^a}nia},
journal={Archives of medical research},
volume={38},
number={2},
pages={212--218},
year={2007},
publisher={Elsevier}
}

@article{storti2003association,
title={Association between 5, 10-methylenetetrahydrofolate reductase C677T and A1298C polymorphisms and conotruncal heart defects},
author={Storti, Simona and Vittorini, Simona and Iascone, Maria R and Sacchelli, Monica and Collavoli, Anita and Ripoli, Andrea and Cocchi, Guido and Biagini, Andrea and Clerico, Aldo},
journal={Clinical chemistry and laboratory medicine},
volume={41},
number={3},
pages={276--280},
year={2003}
}

@article{mcbride2004family,
title={A family-based association study of congenital left-sided heart malformations and 5, 10 methylenetetrahydrofolate reductase},
author={McBride, Kim L and Fernbach, Susan and Menesses, Andres and Molinari, Laura and Quay, Ellinor and Pignatelli, Ricardo and Towbin, Jeffrey A and Belmont, John W},
journal={Birth Defects Research Part A: Clinical and Molecular Teratology},
volume={70},
number={10},
pages={825--830},
year={2004},
publisher={Wiley Online Library}
}

@article{nurk2004associations,
title={Associations between maternal methylenetetrahydrofolate reductase polymorphisms and adverse outcomes of pregnancy: the Hordaland Homocysteine Study},
author={Nurk, Eha and Tell, Grethe S and Refsum, Helga and Ueland, Per M and Vollset, Stein E},
journal={The American journal of medicine},
volume={117},
number={1},
pages={26--31},
year={2004},
publisher={Elsevier}
}

@article{hobbs2006congenital,
title={Congenital heart defects and genetic variants in the methylenetetrahydroflate reductase gene},
author={Hobbs, Charlotte Anne and James, S Jill and Parsian, Abbas and Krakowiak, Patrycja A and Jernigan, Stefanie and Greenhaw, James J and Lu, Yunxia and Cleves, Mario A},
journal={Journal of medical genetics},
volume={43},
number={2},
pages={162--166},
year={2006},
publisher={BMJ Publishing Group Ltd}
}

@article{henderson1995maternal,
title={Maternal-to-fetal transfer of 5-methyltetrahydrofolate by the perfused human placental cotyledon: evidence for a concentrative role by placental folate receptors in fetal folate delivery.},
author={Henderson, George I and Perez, Tony and Schenker, Steven and Mackins, Janet and Antony, Asok C},
journal={The Journal of laboratory and clinical medicine},
volume={126},
number={2},
pages={184--203},
year={1995}
}

@article{nie2011methylenetetrahydrofolate,
title={Methylenetetrahydrofolate reductase C677T polymorphism and congenital heart disease: a meta-analysis},
author={Nie, Yu and Gu, Haiyong and Gong, Jie and Wang, Jue and Gong, Dingxu and Cong, Xiangfeng and Chen, Xi and Hu, Shengshou},
journal={Clinical Chemistry and Laboratory Medicine},
volume={49},
number={12},
pages={2101--2108},
year={2011}
}

@article{chango2000polymorphism,
title={A polymorphism (80G-> A) in the reduced folate carrier gene and its associations with folate status and homocysteinemia},
author={Chango, Abalo and Emery-Fillon, Nathalie and de Courcy, G{\'e}nevi{\`e}ve Potier and Lambert, Daniel and Pfister, Mich{\`e}le and Rosenblatt, David S and Nicolas, Jean-Pierre},
journal={Molecular genetics and metabolism},
volume={70},
number={4},
pages={310--315},
year={2000},
publisher={Elsevier}
}

@article{kamen1988delivery,
title={Delivery of folates to the cytoplasm of MA104 cells is mediated by a surface membrane receptor that recycles.},
author={Kamen, BA and Wang, Mei-Tai and Streckfuss, Anita J and Peryea, Ximena and Anderson, RG},
journal={Journal of Biological Chemistry},
volume={263},
number={27},
pages={13602--13609},
year={1988},
publisher={ASBMB}
}

@article{brigle1995characterization,
title={Characterization of a mutation in the reduced folate carrier in a transport defective L1210 murine leukemia cell line},
author={Brigle, Kevin E and Spinella, Michael J and Sierra, Esteban E and Goldman, I David},
journal={Journal of Biological Chemistry},
volume={270},
number={39},
pages={22974--22979},
year={1995},
publisher={ASBMB}
}

@article{dixon1994novel,
title={A novel cDNA restores reduced folate carrier activity and methotrexate sensitivity to transport deficient cells.},
author={Dixon, Katharine H and Lanpher, Brendan C and Chiu, Jason and Kelley, Kristin and Cowan, Kenneth H},
journal={Journal of Biological Chemistry},
volume={269},
number={1},
pages={17--20},
year={1994},
publisher={ASBMB}
}

@article{hresko1994topology,
title={Topology of the Glut 1 glucose transporter deduced from glycosylation scanning mutagenesis.},
author={Hresko, Richard C and Kruse, Michael and Strube, Marilyn and Mueckler, Mike},
journal={Journal of Biological Chemistry},
volume={269},
number={32},
pages={20482--20488},
year={1994},
publisher={ASBMB}
}

@article{piedrahita1999mice,
title={Mice lacking the folic acid-binding protein Folbp1 are defective in early embryonic development},
author={Piedrahita, Jorge A and Oetama, Betty and Bennett, Gregory D and van Waes, Jan{\'e}e and Kamen, Barton A and Richardson, James and Lacey, Stephen W and Anderson, Richard GW and Finnell, Richard H},
journal={Nature genetics},
volume={23},
number={2},
pages={228--232},
year={1999},
publisher={Nature Publishing Group}
}

@article{finnell1998neural,
title={Neural tube and craniofacial defects with special emphasis on folate pathway genes},
author={Finnell, Richard H and Greer, Kimberly A and Barber, Robert C and Piedrahita, Jorge A and Shaw, Gary M and Lammer, Edward J},
journal={Critical Reviews in Oral Biology \& Medicine},
volume={9},
number={1},
pages={38--53},
year={1998},
publisher={International and American Associations for Dental Research}
}

@article{zhao2001rescue,
title={Rescue of embryonic lethality in reduced folate carrier-deficient mice by maternal folic acid supplementation reveals early neonatal failure of hematopoietic organs},
author={Zhao, Rongbao and Russell, Robert G and Wang, Yanhua and Liu, Laibin and Gao, Feng and Kneitz, Burkhard and Edelmann, Winfried and Goldman, I David},
journal={Journal of Biological Chemistry},
volume={276},
number={13},
pages={10224--10228},
year={2001},
publisher={ASBMB}
}

@article{mostowska2006maternal,
title={Maternal MTR genotype contributes to the risk of non-syndromic cleft lip and palate in the Polish population},
author={Mostowska, A and Hozyasz, KK and Jagodzinski, PP},
journal={Clinical genetics},
volume={69},
number={6},
pages={512--517},
year={2006},
publisher={Wiley Online Library}
}

@article{cai2014genetic,
title={Genetic variant in MTRR, but not MTR, is associated with risk of congenital heart disease: an integrated meta-analysis},
author={Cai, Bingxi and Zhang, Ti and Zhong, Rong and Zou, Li and Zhu, Beibei and Chen, Wei and Shen, Na and Ke, Juntao and Lou, Jiao and Wang, Zhenling and others},
journal={PloS one},
volume={9},
number={3},
pages={e89609},
year={2014},
publisher={Public Library of Science}
}

@article{van2006mtrr,
title={MTRR 66A> G polymorphism in relation to congenital heart defects},
author={van Beynum, Ingrid M and Kouwenberg, Margreet and Kapusta, Livia and den Heijer, Martin and van der Linden, Ivon JM and Daniels, Otto and Blom, Henk J},
journal={Clinical Chemical Laboratory Medicine},
volume={44},
number={11},
pages={1317--1323},
year={2006}
}

@article{lupo2010gene,
title={Gene-gene interactions in the folate metabolic pathway and the risk of conotruncal heart defects},
author={Lupo, Philip J and Goldmuntz, Elizabeth and Mitchell, Laura E},
journal={BioMed Research International},
volume={2010},
year={2010},
publisher={Hindawi Publishing Corporation}
}
