% This file was created with JabRef 2.10.
% Encoding: Cp1252


@Article{Cabuk2007,
  Title                    = {\textit{\textit{TBX1}} gene mutation screening in patients with non-syndromic Fallot tetralogy},
  Author                   = {{\c{C}}abuk, Feryal and Karabulut, Halil G and Tuncali, Timur and Karademir, Selmin and Bozdayi, Mithat and Tukun, Ajlan},
  Journal                  = {Turk J Pediatr},
  Year                     = {2007},
  Number                   = {1},
  Pages                    = {61},
  Volume                   = {49},

  Publisher                = {INSTITUTE OF CHILD HEALTH, HACETTEPE UNIVERSITY}
}

@Article{oyen2009recurrence,
  Title                    = {Recurrence of congenital heart defects in families},
  Author                   = {{\O}yen, Nina and Poulsen, Gry and Boyd, Heather A and Wohlfahrt, Jan and Jensen, Peter KA and Melbye, Mads},
  Journal                  = {Circulation},
  Year                     = {2009},
  Number                   = {4},
  Pages                    = {295--301},
  Volume                   = {120},

  Publisher                = {Am Heart Assoc}
}

@Article{akazawa2005cardiac,
  Title                    = {Cardiac transcription factor \textit{Csx/Nkx2-5}: Its role in cardiac development and diseases},
  Author                   = {Akazawa, Hiroshi and Komuro, Issei},
  Journal                  = {Pharmacol Ther},
  Year                     = {2005},
  Number                   = {2},
  Pages                    = {252--268},
  Volume                   = {107},

  Publisher                = {Elsevier}
}

@Article{alverson2011maternal,
  Title                    = {Maternal smoking and congenital heart defects in the Baltimore-Washington Infant Study},
  Author                   = {Alverson, Clinton J and Strickland, Matthew J and Gilboa, Suzanne M and Correa, Adolfo},
  Journal                  = {Pediatrics},
  Year                     = {2011},
  Number                   = {3},
  Pages                    = {e647--e653},
  Volume                   = {127},

  Publisher                = {Am Acad Pediatrics}
}

@Article{andrieux2007genotype,
  Title                    = {Genotype--phenotype correlation of 30 patients with Smith-Magenis syndrome (SMS) using comparative genome hybridisation array: cleft palate in SMS is associated with larger deletions},
  Author                   = {Andrieux, J and Villenet, C and Quief, S and Lignon, S and Geffroy, S and Roumier, C and De Leersnyder, H and De Blois, MC and Manouvrier, S and Delobel, B and others},
  Journal                  = {J Med Genet},
  Year                     = {2007},
  Number                   = {8},
  Pages                    = {537--540},
  Volume                   = {44},

  Publisher                = {BMJ Publishing Group Ltd}
}

@Book{bailey2009folate,
  Title                    = {Folate in health and disease},
  Author                   = {Bailey, Lynn B},
  Publisher                = {CRC Press},
  Year                     = {2009}
}

@Article{bailey2005folic,
  Title                    = {Folic acid supplementation and the occurrence of congenital heart defects, orofacial clefts, multiple births, and miscarriage},
  Author                   = {Bailey, Lynn B and Berry, Robert J},
  Journal                  = {Am J Clin Nutr},
  Year                     = {2005},
  Number                   = {5},
  Pages                    = {1213S--1217S},
  Volume                   = {81},

  Publisher                = {Am Soc Nutrition}
}

@Article{baird1954congenital,
  Title                    = {Congenital cardiovascular anomalies induced by pteroylglutamic acid deficiency during gestation in the rat},
  Author                   = {BAIRD, CATHERINE DC and NELSON, MARJORIE M and MONIE, IAN W and EVANS, HERBERT M},
  Journal                  = {Circ Res},
  Year                     = {1954},
  Number                   = {6},
  Pages                    = {544--554},
  Volume                   = {2},

  Publisher                = {Am Heart Assoc}
}

@Book{barch1997agt,
  Title                    = {The AGT cytogenetics laboratory manual},
  Author                   = {Barch, Margaret J and Knutsen, Turid and Spurbeck, Jack L and others},
  Publisher                = {Philadelphia: Lippincott-Raven Publishers},
  Year                     = {1997},
  Volume                   = {666}
}

@Article{bartelings1985contribution,
  Title                    = {Contribution of the aortopulmonary septum to the muscular outlet septum in the human heart.},
  Author                   = {Bartelings, MM and Wenink, AC and Gittenberger-de Groot, AC and Oppenheimer-Dekker, A},
  Journal                  = {Acta Morphol Neerl Scand},
  Year                     = {1985},
  Number                   = {3},
  Pages                    = {181--192},
  Volume                   = {24}
}

@Article{barth2010jarid2,
  Title                    = {\textit{Jarid2} is among a set of genes differentially regulated by \textit{Nkx2.5} during outflow tract morphogenesis},
  Author                   = {Barth, Jeremy L and Clark, Christopher D and Fresco, Victor M and Knoll, Ellen P and Lee, Benjamin and Argraves, W Scott and Lee, Kyu-Ho},
  Journal                  = {Dev Dyn},
  Year                     = {2010},
  Number                   = {7},
  Pages                    = {2024--2033},
  Volume                   = {239},

  Publisher                = {Wiley Online Library}
}

@Article{begic2003epidemiological,
  Title                    = {Epidemiological and clinical aspects of congenital heart disease in children in Tuzla Canton, Bosnia-Herzegovina},
  Author                   = {Begi{\'c}, Hidajeta and Tahirovi{\'c}, Husref and Mesihovi{\'c}-Dinarevi{\'c}, Senka and Ferkovi{\'c}, Vesna and Ati{\'c}, Nedima and Latifagi{\'c}, Amila},
  Journal                  = {Eur J Pediatr},
  Year                     = {2003},
  Number                   = {3},
  Pages                    = {191--193},
  Volume                   = {162},

  Publisher                = {Springer}
}

@Article{benson2010genetic,
  Title                    = {Genetic origins of pediatric heart disease},
  Author                   = {Benson, D Woodrow},
  Journal                  = {Pediatr Cardiol},
  Year                     = {2010},
  Number                   = {3},
  Pages                    = {422--429},
  Volume                   = {31},

  Publisher                = {Springer}
}

@Article{benson1999mutations,
  Title                    = {Mutations in the cardiac transcription factor \textit{NKX2.5} affect diverse cardiac developmental pathways},
  Author                   = {Benson, D Woodrow and Silberbach, G Michael and Kavanaugh-McHugh, Ann and Cottrill, Carol and Zhang, Yizhong and Riggs, Steve and Smalls, Octavia and Johnson, Mark C and Watson, Michael S and Seidman, JG and others},
  Journal                  = {J Clin Investig},
  Year                     = {1999},
  Number                   = {11},
  Pages                    = {1567},
  Volume                   = {104},

  Publisher                = {American Society for Clinical Investigation}
}

@InBook{bernstein2004evaluation,
  Title                    = { Nelson textbook of pediatrics },
  Author                   = {Bernstein, D},
  Editor                   = {Behrman, RE and Kliegman, RM and Jenson, HB},
  Pages                    = {1481--1488},
  Publisher                = {Philadelphia: Saunders},
  Year                     = {2004},
  Edition                  = {17},

  Booktitle                = {Evaluation of the cardiovascular system}
}

@Article{van2010protective,
  Title                    = {Protective effect of periconceptional folic acid supplements on the risk of congenital heart defects: a registry-based case--control study in the northern Netherlands},
  Author                   = {van Beynum, Ingrid M and Kapusta, Livia and Bakker, Marian K and den Heijer, Martin and Blom, Henk J and de Walle, Hermien EK},
  Journal                  = {Eur Heart J},
  Year                     = {2010},
  Number                   = {4},
  Pages                    = {464--471},
  Volume                   = {31},

  Publisher                = {Eur Soc Cardiology}
}

@Article{van2006mtrr,
  Title                    = {\textit{MTRR} 66A> G polymorphism in relation to congenital heart defects},
  Author                   = {van Beynum, Ingrid M and Kouwenberg, Margreet and Kapusta, Livia and den Heijer, Martin and van der Linden, Ivon JM and Daniels, Otto and Blom, Henk J},
  Journal                  = {Clin Chem Lab Med},
  Year                     = {2006},
  Number                   = {11},
  Pages                    = {1317--1323},
  Volume                   = {44}
}

@Article{biben2000cardiac,
  Title                    = {Cardiac septal and valvular dysmorphogenesis in mice heterozygous for mutations in the homeobox gene \textit{Nkx2-5}},
  Author                   = {Biben, Christine and Weber, Roberta and Kesteven, Scott and Stanley, Edouard and McDonald, Lachlan and Elliott, David A and Barnett, Louise and K{\"o}entgen, Frank and Robb, Lorraine and Feneley, Michael and others},
  Journal                  = {Circ Res},
  Year                     = {2000},
  Number                   = {10},
  Pages                    = {888--895},
  Volume                   = {87},

  Publisher                = {Am Heart Assoc}
}

@Article{blaschke2007targeted,
  Title                    = {Targeted mutation reveals essential functions of the homeodomain transcription factor \textit{Shox2} in sinoatrial and pacemaking development},
  Author                   = {Blaschke, R{\"u}diger J and Hahurij, Nathan D and Kuijper, Sanne and Just, Steffen and Wisse, Lambertus J and Deissler, Kirsten and Maxelon, Tina and Anastassiadis, Konstantinos and Spitzer, Jessica and Hardt, Stefan E and others},
  Journal                  = {Circulation},
  Year                     = {2007},
  Number                   = {14},
  Pages                    = {1830--1838},
  Volume                   = {115},

  Publisher                = {Am Heart Assoc}
}

@Article{blue2012congenital,
  Title                    = {Congenital heart disease: current knowledge about causes and inheritance.},
  Author                   = {Blue, Gillian M and Kirk, Edwin P and Sholler, Gary F and Harvey, Richard P and Winlaw, David S},
  Journal                  = {Med J Aust},
  Year                     = {2012},
  Number                   = {3},
  Pages                    = {155--159},
  Volume                   = {197}
}

@Article{van2011changing,
  Title                    = {The changing epidemiology of congenital heart disease},
  Author                   = {van der Bom, Teun and Zomer, A Carla and Zwinderman, Aeilko H and Meijboom, Folkert J and Bouma, Berto J and Mulder, Barbara JM},
  Journal                  = {Nat Rev Cardiol},
  Year                     = {2011},
  Number                   = {1},
  Pages                    = {50--60},
  Volume                   = {8},

  Publisher                = {Nature Publishing Group}
}

@Article{boot2004cardiac,
  Title                    = {Cardiac outflow tract malformations in chick embryos exposed to homocysteine},
  Author                   = {Boot, Marit J and Steegers-Theunissen, R{\'e}gine PM and Poelmann, Robert E and van Iperen, Liesbeth and Gittenberger-de Groot, Adriana C},
  Journal                  = {Cardiovasc Res},
  Year                     = {2004},
  Number                   = {2},
  Pages                    = {365--373},
  Volume                   = {64},

  Publisher                = {The Oxford University Press}
}

@Article{boot2003folic,
  Title                    = {Folic acid and homocysteine affect neural crest and neuroepithelial cell outgrowth and differentiation in vitro},
  Author                   = {Boot, Marit J and Steegers-Theunissen, R{\'e}gine PM and Poelmann, Robert E and Van Iperen, Liesbeth and Lindemans, Jan and Groot, Gittenberger-De and Adriana, C},
  Journal                  = {Dev Dyn},
  Year                     = {2003},
  Number                   = {2},
  Pages                    = {301--308},
  Volume                   = {227},

  Publisher                = {Wiley Online Library}
}

@Article{botto1996periconceptional,
  Title                    = {Periconceptional multivitamin use and the occurrence of conotruncal heart defects: results from a population-based, case-control study},
  Author                   = {Botto, Lorenzo D and Khoury, Muin J and Mulinare, Joseph and Erickson, J David},
  Journal                  = {Pediatrics},
  Year                     = {1996},
  Number                   = {5},
  Pages                    = {911--917},
  Volume                   = {98},

  Publisher                = {Am Acad Pediatrics}
}

@Article{botto2007seeking,
  Title                    = {Seeking causes: classifying and evaluating congenital heart defects in etiologic studies},
  Author                   = {Botto, Lorenzo D and Lin, Angela E and Riehle-Colarusso, Tiffany and Malik, Sadia and Correa, Adolfo},
  Journal                  = {Birth Defects Res A Clin Mol Teratol},
  Year                     = {2007},
  Number                   = {10},
  Pages                    = {714--727},
  Volume                   = {79},

  Publisher                = {Wiley Online Library}
}

@Article{botto2003multivitamin,
  Title                    = {Do multivitamin or folic acid supplements reduce the risk for congenital heart defects? Evidence and gaps},
  Author                   = {Botto, Lorenzo D and Mulinare, Joseph and Erickson, J David},
  Journal                  = {Am J Med Genet},
  Year                     = {2003},
  Number                   = {2},
  Pages                    = {95--101},
  Volume                   = {121},

  Publisher                = {Wiley Online Library}
}

@Article{botto2000occurrence,
  Title                    = {Occurrence of congenital heart defects in relation to maternal multivitamin use},
  Author                   = {Botto, Lorenzo D and Mulinare, Joseph and Erickson, J David},
  Journal                  = {Am J Epidemiol},
  Year                     = {2000},
  Number                   = {9},
  Pages                    = {878--884},
  Volume                   = {151},

  Publisher                = {Oxford Univ Press}
}

@Article{briggs2008perinatal,
  Title                    = {Perinatal loss of \textit{Nkx2-5} results in rapid conduction and contraction defects},
  Author                   = {Briggs, Laura E and Takeda, Morihiko and Cuadra, Adolfo E and Wakimoto, Hiroko and Marks, Melissa H and Walker, Alexandra J and Seki, Tsugio and Oh, Suk P and Lu, Jonathan T and Sumners, Colin and others},
  Journal                  = {Circ Res},
  Year                     = {2008},
  Number                   = {6},
  Pages                    = {580--590},
  Volume                   = {103},

  Publisher                = {Am Heart Assoc}
}

@Article{brigle1995characterization,
  Title                    = {Characterization of a mutation in the reduced folate carrier in a transport defective L1210 murine leukemia cell line},
  Author                   = {Brigle, Kevin E and Spinella, Michael J and Sierra, Esteban E and Goldman, I David},
  Journal                  = {J Biol Chem},
  Year                     = {1995},
  Number                   = {39},
  Pages                    = {22974--22979},
  Volume                   = {270},

  Publisher                = {ASBMB}
}

@Article{brunetti2008recurrent,
  Title                    = {Recurrent reciprocal 1q21. 1 deletions and duplications associated with microcephaly or macrocephaly and developmental and behavioral abnormalities},
  Author                   = {Brunetti-Pierri, Nicola and Berg, Jonathan S and Scaglia, Fernando and Belmont, John and Bacino, Carlos A and Sahoo, Trilochan and Lalani, Seema R and Graham, Brett and Lee, Brendan and Shinawi, Marwan and others},
  Journal                  = {Nat Genet},
  Year                     = {2008},
  Number                   = {12},
  Pages                    = {1466--1471},
  Volume                   = {40},

  Publisher                = {Nature Publishing Group}
}

@Article{burd2007congenital,
  Title                    = {Congenital heart defects and fetal alcohol spectrum disorders},
  Author                   = {Burd, Larry and Deal, Eric and Rios, Rodrigo and Adickes, Edward and Wynne, Joshua and Klug, Marilyn G},
  Journal                  = {Congenit Heart Dis},
  Year                     = {2007},
  Number                   = {4},
  Pages                    = {250--255},
  Volume                   = {2},

  Publisher                = {Wiley Online Library}
}

@Article{burn1998recurrence,
  Title                    = {Recurrence risks in offspring of adults with major heart defects: results from first cohort of British collaborative study},
  Author                   = {Burn, J and Brennan, P and Little, J and Holloway, S and Coffey, R and Somerville, J and Dennis, NR and Allan, L and Arnold, R and Deanfield, JE and others},
  Journal                  = {The Lancet},
  Year                     = {1998},
  Number                   = {9099},
  Pages                    = {311--316},
  Volume                   = {351},

  Publisher                = {Elsevier}
}

@Article{cai2014genetic,
  Title                    = {Genetic variant in \textit{MTRR}, but not \textit{MTR}, is associated with risk of congenital heart disease: an integrated meta-analysis},
  Author                   = {Cai, Bingxi and Zhang, Ti and Zhong, Rong and Zou, Li and Zhu, Beibei and Chen, Wei and Shen, Na and Ke, Juntao and Lou, Jiao and Wang, Zhenling and others},
  Journal                  = {PLoS One},
  Year                     = {2014},
  Number                   = {3},
  Pages                    = {e89609},
  Volume                   = {9},

  Publisher                = {Public Library of Science}
}

@Article{calzolari2003congenital,
  Title                    = {Congenital heart defects: 15 years of experience of the Emilia-Romagna Registry (Italy)},
  Author                   = {Calzolari, E and Garani, G and Cocchi, G and Magnani, C and Rivieri, F and Neville, A and Astolfi, G and Baroncini, A and Garavelli, L and Gualandi, F and others},
  Journal                  = {Eur J Epidemiol},
  Year                     = {2003},
  Number                   = {8},
  Pages                    = {773--780},
  Volume                   = {18},

  Publisher                = {Springer}
}

@Article{cassina2013pregnancy,
  Title                    = {Pregnancy outcome in women exposed to antiepileptic drugs: teratogenic role of maternal epilepsy and its pharmacologic treatment},
  Author                   = {Cassina, Matteo and Dilaghi, Arianna and Di Gianantonio, Elena and Cesari, Elena and De Santis, Marco and Mannaioni, Guido and Pistelli, Alessandra and Clementi, Maurizio},
  Journal                  = {Reprod Toxicol},
  Year                     = {2013},
  Pages                    = {50--57},
  Volume                   = {39},

  Publisher                = {Elsevier}
}

@Article{chango2000polymorphism,
  Title                    = {A polymorphism (80G-> A) in the reduced folate carrier gene and its associations with folate status and homocysteinemia},
  Author                   = {Chango, Abalo and Emery-Fillon, Nathalie and de Courcy, G{\'e}nevi{\`e}ve Potier and Lambert, Daniel and Pfister, Mich{\`e}le and Rosenblatt, David S and Nicolas, Jean-Pierre},
  Journal                  = {Mol Genet  Metab},
  Year                     = {2000},
  Number                   = {4},
  Pages                    = {310--315},
  Volume                   = {70},

  Publisher                = {Elsevier}
}

@Article{chen2014microdeletions,
  Title                    = {Microdeletions/duplications involving \textit{TBX1} gene in fetuses with conotruncal heart defects which are negative for 22q11. 2 deletion on fluorescence in-situ hybridization},
  Author                   = {Chen, M and Yang, Y-S and Shih, J-C and Lin, W-H and Lee, D-J and Lin, Y-S and Chou, C-H and Cameron, AD and Ginsberg, NA and Chen, C-A and others},
  Journal                  = {Ultrasound Obstet Gynecol},
  Year                     = {2014},
  Number                   = {4},
  Pages                    = {396--403},
  Volume                   = {43},

  Publisher                = {Wiley Online Library}
}

@Article{chieffo1997isolation,
  Title                    = {Isolation and Characterization of a Gene from the DiGeorge Chromosomal Region Homologous to the Mouse\textit{TBX1}Gene},
  Author                   = {Chieffo, Carla and Garvey, Nancy and Gong, Weilong and Roe, Bruce and Zhang, Guozhong and Silver, Lee and Emanuel, Beverly S and Budarf, Marcia L},
  Journal                  = {Genomics},
  Year                     = {1997},
  Number                   = {3},
  Pages                    = {267--277},
  Volume                   = {43},

  Publisher                = {Elsevier}
}

@Article{christensen2009mthfd1,
  Title                    = {The MTHFD1 p. Arg653Gln variant alters enzyme function and increases risk for congenital heart defects},
  Author                   = {Christensen, Karen E and Rohlicek, Charles V and Andelfinger, Gregor U and Michaud, Jacques and Bigras, Jean-Luc and Richter, Andrea and MacKenzie, Robert E and Rozen, Rima},
  Journal                  = {Hum Mutat},
  Year                     = {2009},
  Number                   = {2},
  Pages                    = {212--220},
  Volume                   = {30},

  Publisher                = {Wiley Online Library}
}

@Article{christiansen2004chromosome,
  Title                    = {Chromosome 1q21. 1 contiguous gene deletion is associated with congenital heart disease},
  Author                   = {Christiansen, Jesse and Dyck, John D and Elyas, Basil G and Lilley, Margaret and Bamforth, J Stephen and Hicks, Mark and Sprysak, Kathleen A and Tomaszewski, Robert and Haase, Shelagh M and Vicen-Wyhony, Leanne M and others},
  Journal                  = {Circ Res},
  Year                     = {2004},
  Number                   = {11},
  Pages                    = {1429--1435},
  Volume                   = {94},

  Publisher                = {Am Heart Assoc}
}

@Article{crider2012folate,
  Title                    = {Folate and DNA methylation: a review of molecular mechanisms and the evidence for folate’s role},
  Author                   = {Crider, Krista S and Yang, Thomas P and Berry, Robert J and Bailey, Lynn B},
  Journal                  = {Advances in Nutrition: An International Review Journal},
  Year                     = {2012},
  Number                   = {1},
  Pages                    = {21--38},
  Volume                   = {3},

  Publisher                = {Am Soc Nutrition}
}

@Article{czeizel1998periconceptional,
  Title                    = {Periconceptional folic acid containing multivitamin supplementation},
  Author                   = {Czeizel, Andrew E},
  Journal                  = {Eur J Obstet Gynecol Reprod Biol},
  Year                     = {1998},
  Number                   = {2},
  Pages                    = {151--161},
  Volume                   = {78},

  Publisher                = {Elsevier}
}

@Article{dadvand2009descriptive,
  Title                    = {Descriptive epidemiology of congenital heart disease in Northern England},
  Author                   = {Dadvand, Payam and Rankin, Judith and Shirley, Mark DF and Rushton, Stephen and Pless-Mulloli, Tanja},
  Journal                  = {Paediatr Perinat Epidemiol},
  Year                     = {2009},
  Number                   = {1},
  Pages                    = {58--65},
  Volume                   = {23},

  Publisher                = {Wiley Online Library}
}

@Article{deeparani2009detection,
  Title                    = {Detection of \textit{MTHFR} C677T and A1298C gene polymorphism in congenital heart disease},
  Author                   = {Deeparani, T and Pillai, M Radhakrishna and Elavazhagan, T and others},
  Journal                  = {Middle-East J Sci Res},
  Year                     = {2009},
  Number                   = {2},
  Pages                    = {127--32},
  Volume                   = {4}
}

@Article{dewan2012burden,
  Title                    = {Burden of congenital rubella syndrome (CRS) in India: a systematic review},
  Author                   = {Dewan, Pooja and Gupta, Piyush},
  Journal                  = {Indian Pediatr},
  Year                     = {2012},
  Number                   = {5},
  Pages                    = {377--399},
  Volume                   = {49},

  Publisher                = {Springer}
}

@Article{dinesh2010single,
  Title                    = {Single-nucleotide polymorphisms of \textit{NKX2.5} found in congenital heart disease patients of Mysore, South India},
  Author                   = {Dinesh, SM and Kusuma, L and Smitha, R and Savitha, MR and Krishnamurthy, B and Narayanappa, D and Ramachandra, Nallur B},
  Journal                  = {Genet Test Mol Biomarkers},
  Year                     = {2010},
  Number                   = {6},
  Pages                    = {873--879},
  Volume                   = {14},

  Publisher                = {Mary Ann Liebert, Inc. 140 Huguenot Street, 3rd Floor New Rochelle, NY 10801 USA}
}

@Article{dixon1994novel,
  Title                    = {A novel cDNA restores reduced folate carrier activity and methotrexate sensitivity to transport deficient cells.},
  Author                   = {Dixon, Katharine H and Lanpher, Brendan C and Chiu, Jason and Kelley, Kristin and Cowan, Kenneth H},
  Journal                  = {J Biol Chem},
  Year                     = {1994},
  Number                   = {1},
  Pages                    = {17--20},
  Volume                   = {269},

  Publisher                = {ASBMB}
}

@Book{dracopoli1994current,
  Title                    = {Current protocols in human genetics},
  Author                   = {Dracopoli, Nicholas C and Haines, Jonathan L and Korf, Bruce R},
  Publisher                = {NY: John Wiley \& Sons},
  Year                     = {1994}
}

@Article{Draus2009,
  Title                    = {Investigation of somatic \textit{NKX2-5} mutations in congenital heart disease},
  Author                   = {Draus, JM and Hauck, MA and Goetsch, M and Austin, EH3rd and Tomita-Mitchell, A and Mitchell, ME},
  Journal                  = {J Med Genet},
  Year                     = {2009},
  Number                   = {2},
  Pages                    = {115--122},
  Volume                   = {46},

  Publisher                = {BMJ Publishing Group Ltd}
}

@Article{draus2009investigation,
  Title                    = {Investigation of somatic \textit{NKX2-5} mutations in congenital heart disease},
  Author                   = {Draus, JM and Hauck, MA and Goetsch, M and Austin, EH3rd and Tomita-Mitchell, A and Mitchell, ME},
  Journal                  = {J Med Genet},
  Year                     = {2009},
  Number                   = {2},
  Pages                    = {115--122},
  Volume                   = {46},

  Publisher                = {BMJ Publishing Group Ltd}
}

@Article{van2008eight,
  Title                    = {Eight-fold increased risk for congenital heart defects in children carrying the nicotinamide N-methyltransferase polymorphism and exposed to medicines and low nicotinamide},
  Author                   = {van Driel, Lydi MJW and Smedts, Huberdina PM and Helbing, Willem A and Isaacs, Aaron and Lindemans, Jan and Uitterlinden, Andr{\'e} G and van Duijn, Cornelia M and de Vries, Jeanne HM and Steegers, Eric AP and Steegers-Theunissen, R{\.e}gine PM},
  Journal                  = {Eur Heart J},
  Year                     = {2008},

  Publisher                = {Eur Soc Cardiology}
}

@Article{elliott2003cardiac,
  Title                    = {Cardiac homeobox gene \textit{NKX2-5} mutations and congenital heart disease: associations with atrial septal defect and hypoplastic left heart syndrome},
  Author                   = {Elliott, David A and Kirk, Edwin P and Yeoh, Thomas and Chandar, Suchitra and McKenzie, Fiona and Taylor, Peter and Grossfeld, Paul and Fatkin, Diane and Jones, Owen and Hayes, Peter and others},
  Journal                  = {J Am Coll Cardiol},
  Year                     = {2003},
  Number                   = {11},
  Pages                    = {2072--2076},
  Volume                   = {41},

  Publisher                = {Am Coll Cardio Found}
}

@Article{emanuel1970genetics,
  Title                    = {Genetics and congenital heart disease},
  Author                   = {Emanuel, Richard},
  Journal                  = {Br Heart J},
  Year                     = {1970},
  Number                   = {3},
  Pages                    = {281--291},
  Volume                   = {32},

  Publisher                = {BMJ Publishing Group Ltd and British Cardiovascular Society}
}

@Article{erdogan2008high,
  Title                    = {High frequency of submicroscopic genomic aberrations detected by tiling path array comparative genome hybridisation in patients with isolated congenital heart disease},
  Author                   = {Erdogan, Fikret and Larsen, Lars Allan and Zhang, Litu and T{\"u}mer, Zeynep and Tommerup, Niels and Chen, Wei and Jacobsen, Joes R and Schubert, Marei and Jurkatis, Jan and Tzschach, Andreas and others},
  Journal                  = {J Med Genet},
  Year                     = {2008},
  Number                   = {11},
  Pages                    = {704--709},
  Volume                   = {45},

  Publisher                = {BMJ Publishing Group Ltd}
}

@Article{espinoza2009shox2,
  Title                    = {\textit{Shox2} is essential for the differentiation of cardiac pacemaker cells by repressing \textit{Nkx2-5}},
  Author                   = {Espinoza-Lewis, Ram{\'o}n A and Yu, Ling and He, Fenglei and Liu, Hongbing and Tang, Ruhang and Shi, Jiangli and Sun, Xiaoxiao and Martin, James F and Wang, Dazhi and Yang, Jing and others},
  Journal                  = {Dev Biol},
  Year                     = {2009},
  Number                   = {2},
  Pages                    = {376--385},
  Volume                   = {327},

  Publisher                = {Elsevier}
}

@Article{fahed2013genetics,
  Title                    = {Genetics of congenital heart disease the glass half empty},
  Author                   = {Fahed, Akl C and Gelb, Bruce D and Seidman, JG and Seidman, Christine E},
  Journal                  = {Circ Res},
  Year                     = {2013},
  Number                   = {4},
  Pages                    = {707--720},
  Volume                   = {112},

  Publisher                = {Am Heart Assoc}
}

@Article{ferencz1989congenital,
  Title                    = {Congenital cardiovascular malformations associated with chromosome abnormalities: an epidemiologic study},
  Author                   = {Ferencz, Charlotte and Neill, Catherine A and Boughman, Joann A and Rubin, Judith D and Brenner, Joel I and Perry, Lowell W},
  Journal                  = {J Pediatr},
  Year                     = {1989},
  Number                   = {1},
  Pages                    = {79--86},
  Volume                   = {114},

  Publisher                = {Elsevier}
}

@Article{finnell1998neural,
  Title                    = {Neural tube and craniofacial defects with special emphasis on folate pathway genes},
  Author                   = {Finnell, Richard H and Greer, Kimberly A and Barber, Robert C and Piedrahita, Jorge A and Shaw, Gary M and Lammer, Edward J},
  Journal                  = {Crit Rev Oral Biol Med},
  Year                     = {1998},
  Number                   = {1},
  Pages                    = {38--53},
  Volume                   = {9},

  Publisher                = {International and American Associations for Dental Research}
}

@Article{fowler2001folate,
  Title                    = {The folate cycle and disease in humans},
  Author                   = {Fowler, Brian},
  Journal                  = {Kidney Int},
  Year                     = {2001},
  Number                   = {s 78},
  Pages                    = {221--229},
  Volume                   = {59}
}

@Article{galbiatti20105,
  Title                    = {5-Methyltetrahydrofolate-homocysteine methyltransferase gene polymorphism (\textit{MTR}) and risk of head and neck cancer},
  Author                   = {Galbiatti, ALS and Ruiz, MT and Biselli-Chicote, PM and Raposo, LS and Maniglia, JV and Pavarino-Bertelli, EC and Goloni-Bertollo, EM},
  Journal                  = {Braz J Med Biol Res},
  Year                     = {2010},
  Number                   = {5},
  Pages                    = {445--450},
  Volume                   = {43},

  Publisher                = {SciELO Brasil}
}

@Article{galdieri2007homocysteine,
  Title                    = {Homocysteine concentrations and molecular analysis in patients with congenital heart defects},
  Author                   = {Galdieri, Luciano C and Arrieta, Santiago R and Silva, C{\'e}lia MC and Pedra, Carlos AC and D'Almeida, V{\^a}nia},
  Journal                  = {Arch Med Res},
  Year                     = {2007},
  Number                   = {2},
  Pages                    = {212--218},
  Volume                   = {38},

  Publisher                = {Elsevier}
}

@Article{garg2005mutations,
  Title                    = {Mutations in NOTCH1 cause aortic valve disease},
  Author                   = {Garg, Vidu and Muth, Alecia N and Ransom, Joshua F and Schluterman, Marie K and Barnes, Robert and King, Isabelle N and Grossfeld, Paul D and Srivastava, Deepak},
  Journal                  = {Nature},
  Year                     = {2005},
  Number                   = {7056},
  Pages                    = {270--274},
  Volume                   = {437},

  Publisher                = {Nature Publishing Group}
}

@Article{gill2003patterns,
  Title                    = {Patterns of recurrence of congenital heart disease: an analysis of 6,640 consecutive pregnancies evaluated by detailed fetal echocardiography},
  Author                   = {Gill, Harinder K and Splitt, Miranda and Sharland, Gurleen K and Simpson, John M},
  Journal                  = {J Am Coll Cardiol},
  Year                     = {2003},
  Number                   = {5},
  Pages                    = {923--929},
  Volume                   = {42},

  Publisher                = {Am Coll Cardio Found}
}

@Article{goldmuntz1998frequency,
  Title                    = {Frequency of 22q11 deletions in patients with conotruncal defects},
  Author                   = {Goldmuntz, Elizabeth and Clark, Bernard J and Mitchell, Laura E and Jawad, Abbas F and Cuneo, Bettina F and Reed, Lori and McDonald-McGinn, Donna and Chien, Peggy and Feuer, Jennifer and Zackai, Elaine H and others},
  Journal                  = {J Am Coll Cardiol},
  Year                     = {1998},
  Number                   = {2},
  Pages                    = {492--498},
  Volume                   = {32},

  Publisher                = {Am Coll Cardio Found}
}

@Article{goldmuntz1993microdeletions,
  Title                    = {Microdeletions of chromosomal region 22q11 in patients with congenital conotruncal cardiac defects.},
  Author                   = {Goldmuntz, Elizabeth and Driscoll, Deborah and Budarf, Marcia L and Zackai, Elaine H and McDonald-McGinn, Donna M and Biegel, Jaclyn A and Emanuel, Beverly S},
  Journal                  = {J Med Genet},
  Year                     = {1993},
  Number                   = {10},
  Pages                    = {807--812},
  Volume                   = {30},

  Publisher                = {BMJ Publishing Group Ltd}
}

@Article{goldmuntz2001nkx2,
  Title                    = {\textit{NKX2.5} mutations in patients with tetralogy of fallot},
  Author                   = {Goldmuntz, Elizabeth and Geiger, Elizabeth and Benson, D Woodrow},
  Journal                  = {Circulation},
  Year                     = {2001},
  Number                   = {21},
  Pages                    = {2565--2568},
  Volume                   = {104},

  Publisher                = {Am Heart Assoc}
}

@Article{gong2001mutation,
  Title                    = {Mutation analysis of \textit{TBX1} in non-deleted patients with features of DGS/VCFS or isolated cardiovascular defects},
  Author                   = {Gong, Weilong and Gottlieb, Shoshanna and Collins, Joelle and Blescia, Adam and Dietz, Harry and Goldmuntz, Elizabeth and McDonald-McGinn, Donna M and Zackai, Elaine H and Emanuel, Beverly S and Driscoll, Deborah A and others},
  Journal                  = {J Med Genet},
  Year                     = {2001},
  Number                   = {12},
  Pages                    = {e45--e45},
  Volume                   = {38},

  Publisher                = {BMJ Publishing Group Ltd}
}

@Article{gonzalez2009universal,
  Title                    = {Universal screening for extracardiac abnormalities in neonates with congenital heart disease},
  Author                   = {Gonzalez, Javier H and Shirali, Girish S and Atz, Andrew M and Taylor, Sarah N and Forbus, Geoffrey A and Zyblewski, Sinai C and Hlavacek, Anthony M},
  Journal                  = {Pediatr Cardiol},
  Year                     = {2009},
  Number                   = {3},
  Pages                    = {269--273},
  Volume                   = {30},

  Publisher                = {Springer}
}

@Article{goodship1998population,
  Title                    = {A population study of chromosome 22q11 deletions in infancy},
  Author                   = {Goodship, Judith and Cross, Ian and LiLing, Jesse and Wren, Christopher},
  Journal                  = {Arch Dis Child},
  Year                     = {1998},
  Number                   = {4},
  Pages                    = {348--351},
  Volume                   = {79},

  Publisher                = {BMJ Publishing Group Ltd and Royal College of Paediatrics and Child Health}
}

@Article{grech1999syndromes,
  Title                    = {Syndromes and malformations associated with congenital heart disease in a population-based study},
  Author                   = {Grech, Victor and Gatt, Miriam},
  Journal                  = {Int J Cardiol},
  Year                     = {1999},
  Number                   = {2},
  Pages                    = {151--156},
  Volume                   = {68},

  Publisher                = {Elsevier}
}

@Article{greenway2009novo,
  Title                    = {De novo copy number variants identify new genes and loci in isolated sporadic tetralogy of Fallot},
  Author                   = {Greenway, Steven C and Pereira, Alexandre C and Lin, Jennifer C and DePalma, Steven R and Israel, Samuel J and Mesquita, Sonia M and Ergul, Emel and Conta, Jessie H and Korn, Joshua M and McCarroll, Steven A and others},
  Journal                  = {Nat},
  Year                     = {2009},
  Number                   = {8},
  Pages                    = {931--935},
  Volume                   = {41},

  Publisher                = {Nature Publishing Group}
}

@Article{griffin2010systematic,
  Title                    = {Systematic survey of variants in \textit{TBX1} in non-syndromic tetralogy of Fallot identifies a novel 57 base pair deletion that reduces transcriptional activity but finds no evidence for association with common variants},
  Author                   = {Griffin, Helen R and T{\"o}pf, Ana and Glen, Elise and Zweier, Christiane and Stuart, A Graham and Parsons, Jonathan and Peart, Ian and Deanfield, John and O'Sullivan, John and Rauch, Anita and others},
  Journal                  = {Heart},
  Year                     = {2010},
  Number                   = {20},
  Pages                    = {1651--1655},
  Volume                   = {96},

  Publisher                = {BMJ Publishing Group Ltd and British Cardiovascular Society}
}

@Article{grow1998tinman,
  Title                    = {Tinman Function Is Essential for Vertebrate Heart Development: Elimination of Cardiac Differentiation by Dominant Inhibitory Mutants of thetinman-Related Genes, \textit{XNkx2-3} and \textit{XNkx2-5}},
  Author                   = {Grow, Matthew W and Krieg, Paul A},
  Journal                  = {Dev Biol},
  Year                     = {1998},
  Number                   = {1},
  Pages                    = {187--196},
  Volume                   = {204},

  Publisher                = {Elsevier}
}

@Book{haines2005current,
  Title                    = {Current protocols in human genetics},
  Author                   = {Haines, Jonathan L and Korf, Bruce R and Seidman, CE and Seidman, JG},
  Publisher                = {John Wiley \& Sons, New York, NY (United States)},
  Year                     = {2005}
}

@Article{han2006single,
  Title                    = {[Single nucleotide polymorphism and haplotype in \textit{TBX1} gene of patients with conotruncal defects: analysis of 130 cases].},
  Author                   = {Han, XM and Lou, Y and Zhu, XY and Hu, XF and Pang, WY and Sun, ZJ and Zhang, H and Zhang, DQ and Sun, YX},
  Journal                  = {Zhonghua yi xue za zhi},
  Year                     = {2006},
  Number                   = {22},
  Pages                    = {1553--1557},
  Volume                   = {86}
}

@Article{hanna1994genetic,
  Title                    = {Genetic study of congenital heart defects in Northern Ireland (1974-1978).},
  Author                   = {Hanna, E Jennifer and Nevin, Norman C and Nelson, John},
  Journal                  = {J Med Genet},
  Year                     = {1994},
  Number                   = {11},
  Pages                    = {858--863},
  Volume                   = {31},

  Publisher                = {BMJ Publishing Group Ltd}
}

@Article{harris2003epidemiology,
  Title                    = {The epidemiology of cardiovascular defects, part 2: a study based on data from three large registries of congenital malformations},
  Author                   = {Harris, JA and Francannet, C and Pradat, P and Robert, E},
  Journal                  = {Pediatr cardiol},
  Year                     = {2003},
  Number                   = {3},
  Pages                    = {222--235},
  Volume                   = {24},

  Publisher                = {Springer}
}

@Article{hartman2011contribution,
  Title                    = {The contribution of chromosomal abnormalities to congenital heart defects: a population-based study},
  Author                   = {Hartman, Robert J and Rasmussen, Sonja A and Botto, Lorenzo D and Riehle-Colarusso, Tiffany and Martin, Christa L and Cragan, Janet D and Shin, Mikyong and Correa, Adolfo},
  Journal                  = {Pediatr Cardiol},
  Year                     = {2011},
  Number                   = {8},
  Pages                    = {1147--1157},
  Volume                   = {32},

  Publisher                = {Springer}
}

@Article{harvey2002patterning,
  Title                    = {Patterning the vertebrate heart},
  Author                   = {Harvey, Richard P},
  Journal                  = {Nat Rev Genet},
  Year                     = {2002},
  Number                   = {7},
  Pages                    = {544--556},
  Volume                   = {3},

  Publisher                = {Nature Publishing Group}
}

@Article{heike2010single,
  Title                    = {Single nucleotide polymorphism discovery in \textit{TBX1} in individuals with and without 22q11. 2 deletion syndrome},
  Author                   = {Heike, Carrie L and Starr, Jacqueline R and Rieder, Mark J and Cunningham, Michael L and Edwards, Karen L and Stanaway, Ian B and Crawford, Dana C},
  Journal                  = {Birth Defects Res A Clin Mol Teratol},
  Year                     = {2010},
  Number                   = {1},
  Pages                    = {54--63},
  Volume                   = {88},

  Publisher                = {Wiley Online Library}
}

@Article{henderson1995maternal,
  Title                    = {Maternal-to-fetal transfer of 5-methyltetrahydrofolate by the perfused human placental cotyledon: evidence for a concentrative role by placental folate receptors in fetal folate delivery.},
  Author                   = {Henderson, George I and Perez, Tony and Schenker, Steven and Mackins, Janet and Antony, Asok C},
  Journal                  = {J Lab Clin Med},
  Year                     = {1995},
  Number                   = {2},
  Pages                    = {184--203},
  Volume                   = {126}
}

@Article{hernando2002comparative,
  Title                    = {Comparative genomic hybridisation shows a partial de novo deletion 16p11. 2 in a neonate with multiple congenital malformations},
  Author                   = {Hernando, C and Plaja, A and Rigola, MA and P{\'e}rez, MM and Vendrell, T and Egocue, J and Fuster, C},
  Journal                  = {J Med Genet},
  Year                     = {2002},
  Number                   = {5},
  Pages                    = {e24--e24},
  Volume                   = {39},

  Publisher                = {BMJ Publishing Group Ltd}
}

@Article{hibbard1965folic,
  Title                    = {Folic acid and reproduction},
  Author                   = {Hibbard, BM and Hibbard, Elizabeth D and Jeffcoate, TNA},
  Journal                  = {Acta Obstet Gynecol Scand},
  Year                     = {1965},
  Number                   = {3},
  Pages                    = {375--400},
  Volume                   = {44},

  Publisher                = {Wiley Online Library}
}

@Article{hirayama2005phenotypes,
  Title                    = {Phenotypes with \textit{GATA4} or \textit{NKX2.5} mutations in familial atrial septal defect},
  Author                   = {Hirayama-Yamada, Kayoko and Kamisago, Mitsuhiro and Akimoto, Kaoru and Aotsuka, Hiroyuki and Nakamura, Yoshihide and Tomita, Hideshi and Furutani, Michiko and Imamura, Shin-ichiro and Takao, Atsuyoshi and Nakazawa, Makoto and others},
  Journal                  = {Am J Med Genet},
  Year                     = {2005},
  Number                   = {1},
  Pages                    = {47--52},
  Volume                   = {135},

  Publisher                = {Wiley Online Library}
}

@Article{hobbs2006congenital,
  Title                    = {Congenital heart defects and genetic variants in the methylenetetrahydroflate reductase gene},
  Author                   = {Hobbs, Charlotte Anne and James, S Jill and Parsian, Abbas and Krakowiak, Patrycja A and Jernigan, Stefanie and Greenhaw, James J and Lu, Yunxia and Cleves, Mario A},
  Journal                  = {J Med Genet},
  Year                     = {2006},
  Number                   = {2},
  Pages                    = {162--166},
  Volume                   = {43},

  Publisher                = {BMJ Publishing Group Ltd}
}

@Article{hoffman1995incidence,
  Title                    = {Incidence of congenital heart disease: II. Prenatal incidence},
  Author                   = {Hoffman, JIE},
  Journal                  = {Pediatr Cardiol},
  Year                     = {1995},
  Number                   = {4},
  Pages                    = {155--165},
  Volume                   = {16},

  Publisher                = {Springer}
}

@Article{hoffman2002incidence,
  Title                    = {The incidence of congenital heart disease},
  Author                   = {Hoffman, Julien IE and Kaplan, Samuel},
  Journal                  = {J Am Coll Cardiol},
  Year                     = {2002},
  Number                   = {12},
  Pages                    = {1890--1900},
  Volume                   = {39},

  Publisher                = {Journal of the American College of Cardiology}
}

@Article{hresko1994topology,
  Title                    = {Topology of the Glut 1 glucose transporter deduced from glycosylation scanning mutagenesis.},
  Author                   = {Hresko, Richard C and Kruse, Michael and Strube, Marilyn and Mueckler, Mike},
  Journal                  = {J Biol Chem},
  Year                     = {1994},
  Number                   = {32},
  Pages                    = {20482--20488},
  Volume                   = {269},

  Publisher                = {ASBMB}
}

@Article{hubner2009folate,
  Title                    = {Folate and colorectal cancer prevention},
  Author                   = {Hubner, RA and Houlston, RS},
  Journal                  = {Br J Cancer},
  Year                     = {2009},
  Number                   = {2},
  Pages                    = {233--239},
  Volume                   = {100},

  Publisher                = {Nature Publishing Group}
}

@Article{inga2005functional,
  Title                    = {Functional dissection of sequence-specific \textit{NKX2-5} DNA binding domain mutations associated with human heart septation defects using a yeast-based system},
  Author                   = {Inga, Alberto and Reamon-Buettner, Stella Marie and Borlak, Juergen and Resnick, Michael A},
  Journal                  = {Hum Mol Genet},
  Year                     = {2005},
  Number                   = {14},
  Pages                    = {1965--1975},
  Volume                   = {14},

  Publisher                = {Oxford Univ Press}
}

@Article{ionescu2009prevalence,
  Title                    = {Prevalence of severe congenital heart disease after folic acid fortification of grain products: time trend analysis in Quebec, Canada},
  Author                   = {Ionescu-Ittu, Raluca and Marelli, Ariane J and Mackie, Andrew S and Pilote, Louise and others},
  Journal                  = {BMJ},
  Year                     = {2009},
  Volume                   = {338},

  Publisher                = {BMJ Publishing Group Ltd}
}

@Article{iserin1998prevalence,
  Title                    = {Prevalence of the microdeletion 22q11 in newborn infants with congenital conotruncal cardiac anomalies},
  Author                   = {Iserin, L and De Lonlay, P and Viot, G and Sidi, D and Kachaner, J and Munnich, A and Lyonnet, S and Vekemans, M and Bonnet, D},
  Journal                  = {Eur J Pediatr},
  Year                     = {1998},
  Number                   = {11},
  Pages                    = {881--884},
  Volume                   = {157},

  Publisher                = {Springer}
}

@Article{jay2004nkx2,
  Title                    = {\textit{Nkx2-5} mutation causes anatomic hypoplasia of the cardiac conduction system},
  Author                   = {Jay, Patrick Y and Harris, Brett S and Maguire, Colin T and Buerger, Antje and Wakimoto, Hiroko and Tanaka, Makoto and Kupershmidt, Sabina and Roden, Dan M and Schultheiss, Thomas M and O’Brien, Terrence X and others},
  Journal                  = {J Clin Investig},
  Year                     = {2004},
  Number                   = {8},
  Pages                    = {1130},
  Volume                   = {113},

  Publisher                = {American Society for Clinical Investigation}
}

@Article{jentink2010valproic,
  Title                    = {Valproic acid monotherapy in pregnancy and major congenital malformations},
  Author                   = {Jentink, Janneke and Loane, Maria A and Dolk, Helen and Barisic, Ingeborg and Garne, Ester and Morris, Joan K and de Jong-van den Berg, Lolkje TW},
  Journal                  = {New Engl J Med},
  Year                     = {2010},
  Number                   = {23},
  Pages                    = {2185--2193},
  Volume                   = {362},

  Publisher                = {Mass Medical Soc}
}

@Article{jerome2001digeorge,
  Title                    = {DiGeorge syndrome phenotype in mice mutant for the T-box gene, \textit{TBX1}},
  Author                   = {Jerome, Loydie A and Papaioannou, Virginia E},
  Journal                  = {Nat Genet},
  Year                     = {2001},
  Number                   = {3},
  Pages                    = {286--291},
  Volume                   = {27},

  Publisher                = {Nature Publishing Group}
}

@Article{johnson1997chromosome,
  Title                    = {Chromosome abnormalities in congenital heart disease},
  Author                   = {Johnson, Mark C and Hing, Anne and Wood, Mary K and Watson, Michael S},
  Journal                  = {Am J Med Genet},
  Year                     = {1997},
  Number                   = {3},
  Pages                    = {292--298},
  Volume                   = {70},

  Publisher                = {Wiley Online Library}
}

@Article{kamen1988delivery,
  Title                    = {Delivery of folates to the cytoplasm of MA104 cells is mediated by a surface membrane receptor that recycles.},
  Author                   = {Kamen, BA and Wang, Mei-Tai and Streckfuss, Anita J and Peryea, Ximena and Anderson, RG},
  Journal                  = {J Biol Chem},
  Year                     = {1988},
  Number                   = {27},
  Pages                    = {13602--13609},
  Volume                   = {263},

  Publisher                = {ASBMB}
}

@Article{kasahara2004biochemical,
  Title                    = {Biochemical analyses of eight \textit{NKX2.5} homeodomain missense mutations causing atrioventricular block and cardiac anomalies},
  Author                   = {Kasahara, Hideko and Benson, D Woodrow},
  Journal                  = {Cardiovasc Res},
  Year                     = {2004},
  Number                   = {1},
  Pages                    = {40--51},
  Volume                   = {64},

  Publisher                = {The Oxford University Press}
}

@Article{kasahara2000loss,
  Title                    = {Loss of function and inhibitory effects of human \textit{CSX/NKX2.5} homeoprotein mutations associated with congenital heart disease},
  Author                   = {Kasahara, Hideko and Lee, Bora and Schott, Jean-Jacques and Benson, D Woodrow and Seidman, JG and Seidman, Christine E and Izumo, Seigo},
  Journal                  = {J Clin Investig},
  Year                     = {2000},
  Number                   = {2},
  Pages                    = {299},
  Volume                   = {106},

  Publisher                = {American Society for Clinical Investigation}
}

@Article{kasahara2001progressive,
  Title                    = {Progressive atrioventricular conduction defects and heart failure in mice expressing a mutant \textit{Csx/Nkx2.5} homeoprotein},
  Author                   = {Kasahara, Hideko and Wakimoto, Hiroko and Liu, Margaret and Maguire, Colin T and Converso, Kimber L and Shioi, Tetsuo and Huang, Weei-Yuarn and Manning, Warren J and Paul, David and Lawitts, Joel and others},
  Journal                  = {J Clin Investig},
  Year                     = {2001},
  Number                   = {2},
  Pages                    = {189},
  Volume                   = {108},

  Publisher                = {American Society for Clinical Investigation}
}

@Article{kirby1983neural,
  Title                    = {Neural crest cells contribute to normal aorticopulmonary septation},
  Author                   = {Kirby, Margaret L and Gale, Thomas F and Stewart, Donald E},
  Journal                  = {Science},
  Year                     = {1983},
  Number                   = {4601},
  Pages                    = {1059--1061},
  Volume                   = {220},

  Publisher                = {American Association for the Advancement of Science}
}

@Article{knudson1972mutation,
  Title                    = {Mutation and cancer: a model for Wilms' tumor of the kidney},
  Author                   = {Knudson, Alfred G and Strons, Louise C},
  Journal                  = {J Natl Cancer Inst},
  Year                     = {1972},
  Number                   = {2},
  Pages                    = {313--324},
  Volume                   = {48},

  Publisher                = {Oxford University Press}
}

@Article{kopf2009overview,
  Title                    = {Overview of developmental heart defects by dioxins, PCBs, and pesticides},
  Author                   = {Kopf, Phillip G and Walker, Mary K},
  Journal                  = {J Environ Sci Health C Environ Carcinog Ecotoxicol Rev},
  Year                     = {2009},
  Number                   = {4},
  Pages                    = {276--285},
  Volume                   = {27},

  Publisher                = {Taylor \& Francis}
}

@Article{lambrechts2005low,
  Title                    = {Low expression \textit{VEGF} haplotype increases the risk for tetralogy of Fallot: a family based association study},
  Author                   = {Lambrechts, Diether and Devriendt, Koenraad and Driscoll, DA and Goldmuntz, E and Gewillig, Marc and Vlietinck, Robert and Collen, Desire and Carmeliet, Peter},
  Journal                  = {J Med Genet},
  Year                     = {2005},
  Number                   = {6},
  Pages                    = {519--522},
  Volume                   = {42},

  Publisher                = {BMJ Publishing Group Ltd}
}

@Article{liao2004full,
  Title                    = {Full spectrum of malformations in velo-cardio-facial syndrome/DiGeorge syndrome mouse models by altering \textit{TBX1} dosage},
  Author                   = {Liao, Jun and Kochilas, Lazaros and Nowotschin, Sonja and Arnold, Jelena S and Aggarwal, Vimla S and Epstein, Jonathan A and Brown, M Christian and Adams, Joe and Morrow, Bernice E},
  Journal                  = {Hum Mol Genet},
  Year                     = {2004},
  Number                   = {15},
  Pages                    = {1577--1585},
  Volume                   = {13},

  Publisher                = {Oxford Univ Press}
}

@Article{liberatore2002nkx,
  Title                    = {\textit{Nkx-2.5} gene induction in mice is mediated by a Smad consensus regulatory region},
  Author                   = {Liberatore, Christine M and Searcy-Schrick, Robin D and Vincent, Eric B and Yutzey, Katherine E},
  Journal                  = {Dev Biol},
  Year                     = {2002},
  Number                   = {2},
  Pages                    = {243--256},
  Volume                   = {244},

  Publisher                = {Elsevier}
}

@Article{lien2002cardiac,
  Title                    = {Cardiac-specific activity of an \textit{Nkx2-5} enhancer requires an evolutionarily conserved \textit{Smad} binding site},
  Author                   = {Lien, Ching-Ling and McAnally, John and Richardson, James A and Olson, Eric N},
  Journal                  = {Dev Biol},
  Year                     = {2002},
  Number                   = {2},
  Pages                    = {257--266},
  Volume                   = {244},

  Publisher                = {Elsevier}
}

@Article{lien1999control,
  Title                    = {Control of early cardiac-specific transcription of \textit{Nkx2-5} by a \textit{GATA}-dependent enhancer},
  Author                   = {Lien, Ching-Ling and Wu, Chuan-zhen and Mercer, Brian and Webb, Robert and Richardson, James A and Olson, Eric N},
  Journal                  = {Development},
  Year                     = {1999},
  Number                   = {1},
  Pages                    = {75--84},
  Volume                   = {126},

  Publisher                = {The Company of Biologists Limited}
}

@Article{van2011birth,
  Title                    = {Birth prevalence of congenital heart disease worldwide: a systematic review and meta-analysis},
  Author                   = {van der Linde, Denise and Konings, Elisabeth EM and Slager, Maarten A and Witsenburg, Maarten and Helbing, Willem A and Takkenberg, Johanna JM and Roos-Hesselink, Jolien W},
  Journal                  = {J Am Coll Cardiol},
  Year                     = {2011},
  Number                   = {21},
  Pages                    = {2241--2247},
  Volume                   = {58},

  Publisher                = {Am Coll Cardio Found}
}

@Article{lindsay1999congenital,
  Title                    = {Congenital heart disease in mice deficient for the DiGeorge syndrome region},
  Author                   = {Lindsay, Elizabeth A and Botta, Annalisa and Jurecic, Vesna and Carattini-Rivera, Sandra and Cheah, Yin-Chai and Rosenblatt, Howard M and Bradley, Allan and Baldini, Antonio},
  Journal                  = {Nature},
  Year                     = {1999},
  Number                   = {6751},
  Pages                    = {379--383},
  Volume                   = {401},

  Publisher                = {Nature Publishing Group}
}

@Article{lindsay2001tbx1,
  Title                    = {\textit{TBX1} haploinsufficiency in the DiGeorge syndrome region causes aortic arch defects in mice},
  Author                   = {Lindsay, Elizabeth A and Vitelli, Francesca and Su, Hong and Morishima, Masae and Huynh, Tuong and Pramparo, Tiziano and Jurecic, Vesna and Ogunrinu, George and Sutherland, Helen F and Scambler, Peter J and others},
  Journal                  = {Nature},
  Year                     = {2001},
  Number                   = {6824},
  Pages                    = {97--101},
  Volume                   = {410},

  Publisher                = {Nature Publishing Group}
}

@Article{liu20104,
  Title                    = {4 Folate and One-Carbon Metabolism and Its Impact on Aberrant DNA Methylation in Cancer},
  Author                   = {Liu, Jia and Lynne Ward, Robyn},
  Journal                  = {Adv Genet},
  Year                     = {2010},
  Pages                    = {79},
  Volume                   = {71}
}

@Article{lupo2010gene,
  Title                    = {Gene-gene interactions in the folate metabolic pathway and the risk of conotruncal heart defects},
  Author                   = {Lupo, Philip J and Goldmuntz, Elizabeth and Mitchell, Laura E},
  Journal                  = {Biomed Res Int},
  Year                     = {2010},
  Volume                   = {2010},

  Publisher                = {Hindawi Publishing Corporation}
}

@Article{lyons1995myogenic,
  Title                    = {Myogenic and morphogenetic defects in the heart tubes of murine embryos lacking the homeo box gene \textit{Nkx2-5}.},
  Author                   = {Lyons, Ian and Parsons, Linda M and Hartley, Lynne and Li, Ruili and Andrews, Jane E and Robb, Lorraine and Harvey, Richard P},
  Journal                  = {Genes Dev},
  Year                     = {1995},
  Number                   = {13},
  Pages                    = {1654--1666},
  Volume                   = {9},

  Publisher                = {Cold Spring Harbor Lab}
}

@Article{marino2000congenital,
  Title                    = {Congenital heart disease and genetic syndromes: specific correlation between cardiac phenotype and genotype},
  Author                   = {Marino, B and Digilio, MC},
  Journal                  = {Cardiovasc Pathol},
  Year                     = {2000},
  Number                   = {6},
  Pages                    = {303--315},
  Volume                   = {9},

  Publisher                = {Elsevier}
}

@Article{mcbride2004family,
  Title                    = {A family-based association study of congenital left-sided heart malformations and 5, 10 methylenetetrahydrofolate reductase},
  Author                   = {McBride, Kim L and Fernbach, Susan and Menesses, Andres and Molinari, Laura and Quay, Ellinor and Pignatelli, Ricardo and Towbin, Jeffrey A and Belmont, John W},
  Journal                  = {Birth Defects Res A Clin Mol Teratol},
  Year                     = {2004},
  Number                   = {10},
  Pages                    = {825--830},
  Volume                   = {70},

  Publisher                = {Wiley Online Library}
}

@Article{mcdonald2008genetic,
  Title                    = {Genetic counseling for the 22q11. 2 deletion},
  Author                   = {McDonald-McGinn, Donna M and Zackai, Elaine H},
  Journal                  = {Dev Disabil Res Rev},
  Year                     = {2008},
  Number                   = {1},
  Pages                    = {69--74},
  Volume                   = {14},

  Publisher                = {Wiley Online Library}
}

@Article{mcelhinney2003chromosome,
  Title                    = {Chromosome 22q11 deletion in patients with truncus arteriosus},
  Author                   = {McElhinney, DB and Driscoll, DA and Emanuel, BS and Goldmuntz, E},
  Journal                  = {Pediatri Cardiol},
  Year                     = {2003},
  Number                   = {6},
  Pages                    = {569--573},
  Volume                   = {24},

  Publisher                = {Springer}
}

@Article{mcelhinney2001association,
  Title                    = {Association of chromosome 22q11 deletion with isolated anomalies of aortic arch laterality and branching},
  Author                   = {McElhinney, Doff B and Clark, Bernard J and Weinberg, Paul M and Kenton, Maura L and McDonald-McGinn, Donna and Driscoll, Deborah A and Zackai, Elaine H and Goldmuntz, Elizabeth},
  Journal                  = {J Am Coll Cardiol},
  Year                     = {2001},
  Number                   = {8},
  Pages                    = {2114--2119},
  Volume                   = {37},

  Publisher                = {Am Coll Cardio Found}
}

@Article{mcelhinney2003nkx2,
  Title                    = {\textit{NKX2.5} mutations in patients with congenital heart disease},
  Author                   = {McElhinney, Doff B and Geiger, Elizabeth and Blinder, Joshua and Benson, D Woodrow and Goldmuntz, Elizabeth},
  Journal                  = {J Am Coll Cardiol},
  Year                     = {2003},
  Number                   = {9},
  Pages                    = {1650--1655},
  Volume                   = {42},

  Publisher                = {Am Coll Cardio Found}
}

@Article{meberg2000outcome,
  Title                    = {Outcome of congenital heart defects--a population-based study},
  Author                   = {Meberg, A and Otterstad, JE and Fr{\o}land, G and Lindberg, H and S{\o}rland, SJ},
  Journal                  = {Acta paediatr},
  Year                     = {2000},
  Number                   = {11},
  Pages                    = {1344--1351},
  Volume                   = {89},

  Publisher                = {Wiley Online Library}
}

@Article{mefford2008recurrent,
  Title                    = {Recurrent rearrangements of chromosome 1q21. 1 and variable pediatric phenotypes},
  Author                   = {Mefford, Heather C and Sharp, Andrew J and Baker, Carl and Itsara, Andy and Jiang, Zhaoshi and Buysse, Karen and Huang, Shuwen and Maloney, Viv K and Crolla, John A and Baralle, Diana and others},
  Journal                  = {New Eng J Med},
  Year                     = {2008},
  Number                   = {16},
  Pages                    = {1685--1699},
  Volume                   = {359},

  Publisher                = {Mass Medical Soc}
}

@Article{mehta1985computing,
  Title                    = {Computing an exact confidence interval for the common odds ratio in several 2$\times$ 2 contingency tables},
  Author                   = {Mehta, Cyrus R and Patel, Nitin R and Gray, Robert},
  Journal                  = {J Am Stat Assoc},
  Year                     = {1985},
  Number                   = {392},
  Pages                    = {969--973},
  Volume                   = {80},

  Publisher                = {Taylor \& Francis Group}
}

@Article{merscher2001tbx1,
  Title                    = {\textit{TBX1} is responsible for cardiovascular defects in velo-cardio-facial/DiGeorge syndrome},
  Author                   = {Merscher, Sandra and Funke, Birgit and Epstein, Jonathan A and Heyer, Joerg and Puech, Anne and Lu, Min Min and Xavier, Ramnik J and Demay, Marie B and Russell, Robert G and Factor, Stephen and others},
  Journal                  = {Cell},
  Year                     = {2001},
  Number                   = {4},
  Pages                    = {619--629},
  Volume                   = {104},

  Publisher                = {Elsevier}
}

@Article{mitchell1971congenital,
  Title                    = {Congenital heart disease in 56,109 births incidence and natural history},
  Author                   = {Mitchell, SC and Korones, SB and Berendes, HW},
  Journal                  = {Circulation},
  Year                     = {1971},
  Number                   = {3},
  Pages                    = {323--332},
  Volume                   = {43},

  Publisher                = {Am Heart Assoc}
}

@Article{momma2010cardiovascular,
  Title                    = {Cardiovascular anomalies associated with chromosome 22q11. 2 deletion syndrome},
  Author                   = {Momma, Kazuo},
  Journal                  = {Am J Cardiol},
  Year                     = {2010},
  Number                   = {11},
  Pages                    = {1617--1624},
  Volume                   = {105},

  Publisher                = {Elsevier}
}

@Article{moorhead1960chromosome,
  Title                    = {Chromosome preparations of leukocytes cultured from human peripheral blood},
  Author                   = {Moorhead, Paul S and Nowell, PC and Mellman, WJ and Battips, DM t and Hungerford, DA},
  Journal                  = {Exp Cell Res},
  Year                     = {1960},
  Number                   = {3},
  Pages                    = {613--616},
  Volume                   = {20},

  Publisher                = {Elsevier}
}

@Article{moskowitz2007molecular,
  Title                    = {A molecular pathway including \textit{Id2}, \textit{Tbx5}, and \textit{Nkx2-5} required for cardiac conduction system development},
  Author                   = {Moskowitz, Ivan PG and Kim, Jae B and Moore, Meredith L and Wolf, Cordula M and Peterson, Michael A and Shendure, Jay and Nobrega, Marcelo A and Yokota, Yoshifumi and Berul, Charles and Izumo, Seigo and others},
  Journal                  = {Cell},
  Year                     = {2007},
  Number                   = {7},
  Pages                    = {1365--1376},
  Volume                   = {129},

  Publisher                = {Elsevier}
}

@Article{mostowska2006maternal,
  Title                    = {Maternal \textit{MTR} genotype contributes to the risk of non-syndromic cleft lip and palate in the Polish population},
  Author                   = {Mostowska, A and Hozyasz, KK and Jagodzinski, PP},
  Journal                  = {Clin Genet},
  Year                     = {2006},
  Number                   = {6},
  Pages                    = {512--517},
  Volume                   = {69},

  Publisher                = {Wiley Online Library}
}

@Article{naiche2005t,
  Title                    = {T-box genes in vertebrate development},
  Author                   = {Naiche, LA and Harrelson, Zachary and Kelly, Robert G and Papaioannou, Virginia E},
  Journal                  = {Annu. Rev. Genet.},
  Year                     = {2005},
  Pages                    = {219--239},
  Volume                   = {39},

  Publisher                = {Annual Reviews}
}

@Article{nelson1952production,
  Title                    = {Production of Multiple Congenital Abnormalities in Young by Maternal Pteroylglutamic Acid Deficiency during Gestation Thirteen Figures},
  Author                   = {Nelson, Marjorie M and Asling, C Willet and Evans, Herbert M},
  Journal                  = {J Nutr},
  Year                     = {1952},
  Number                   = {1},
  Pages                    = {61--79},
  Volume                   = {48},

  Publisher                = {Am Soc Nutrition}
}

@Article{nie2011methylenetetrahydrofolate,
  Title                    = {Methylenetetrahydrofolate reductase C677T polymorphism and congenital heart disease: a meta-analysis},
  Author                   = {Nie, Yu and Gu, Haiyong and Gong, Jie and Wang, Jue and Gong, Dingxu and Cong, Xiangfeng and Chen, Xi and Hu, Shengshou},
  Journal                  = {Clin Chem Lab Med},
  Year                     = {2011},
  Number                   = {12},
  Pages                    = {2101--2108},
  Volume                   = {49}
}

@Article{nora1993causes,
  Title                    = {Causes of congenital heart diseases: old and new modes, mechanisms, and models},
  Author                   = {Nora, James J},
  Journal                  = {Am Heart J},
  Year                     = {1993},
  Number                   = {5},
  Pages                    = {1409--1419},
  Volume                   = {125},

  Publisher                = {Elsevier}
}

@Article{nora1968multifactorial,
  Title                    = {Multifactorial inheritance hypothesis for the etiology of congenital heart diseases the genetic-environmental interaction},
  Author                   = {NORA, JAMES J},
  Journal                  = {Circulation},
  Year                     = {1968},
  Number                   = {3},
  Pages                    = {604--617},
  Volume                   = {38},

  Publisher                = {Am Heart Assoc}
}

@Article{nowotschin2006tbx1,
  Title                    = {\textit{TBX1} affects asymmetric cardiac morphogenesis by regulating Pitx2 in the secondary heart field},
  Author                   = {Nowotschin, Sonja and Liao, Jun and Gage, Philip J and Epstein, Jonathan A and Campione, Marina and Morrow, Bernice E},
  Journal                  = {Development},
  Year                     = {2006},
  Number                   = {8},
  Pages                    = {1565--1573},
  Volume                   = {133},

  Publisher                = {The Company of Biologists Limited}
}

@Article{nurk2004associations,
  Title                    = {Associations between maternal methylenetetrahydrofolate reductase polymorphisms and adverse outcomes of pregnancy: the Hordaland Homocysteine Study},
  Author                   = {Nurk, Eha and Tell, Grethe S and Refsum, Helga and Ueland, Per M and Vollset, Stein E},
  Journal                  = {Am J Med},
  Year                     = {2004},
  Number                   = {1},
  Pages                    = {26--31},
  Volume                   = {117},

  Publisher                = {Elsevier}
}

@Article{pabst2008novel,
  Title                    = {A novel stop mutation truncating critical regions of the cardiac transcription factor \textit{NKX2-5} in a large family with autosomaldominant inherited congenital heart disease},
  Author                   = {Pabst, S and Wollnik, B and Rohmann, E and Hintz, Y and Gl{\"a}nzer, K and Vetter, H and Nickenig, G and others},
  Journal                  = {Clin Res Cardiol},
  Year                     = {2008},
  Number                   = {1},
  Pages                    = {39--42},
  Volume                   = {97},

  Publisher                = {Springer}
}

@Article{pang2012genetic,
  Title                    = {Genetic and functional analysis of the \textit{NKX2-5} gene promoter in patients with ventricular septal defects},
  Author                   = {Pang, Shuchao and Shan, Jiping and Qiao, Yanli and Ma, Liming and Qin, Xianyun and Wanyan, Hongxin and Xing, Qining and Wu, Guanghua and Yan, Bo},
  Journal                  = {Pediatr Cardiol},
  Year                     = {2012},
  Number                   = {8},
  Pages                    = {1355--1361},
  Volume                   = {33},

  Publisher                = {Springer}
}

@Article{park2007cardiovascular,
  Title                    = {Cardiovascular anomalies in patients with chromosome 22q11. 2 deletion: a Korean multicenter study},
  Author                   = {Park, In-Sook and Ko, Jae-Kon and Kim, Young-Hwue and Yoo, Han-Wook and Seo, Eul-Ju and Choi, Jung-Yun and Gil, Hong-Yang and Kim, Soo-Jin},
  Journal                  = {Int J Cardiol},
  Year                     = {2007},
  Number                   = {2},
  Pages                    = {230--235},
  Volume                   = {114},

  Publisher                = {Elsevier}
}

@Article{paylor2006tbx1,
  Title                    = {\textit{TBX1} haploinsufficiency is linked to behavioral disorders in mice and humans: implications for 22q11 deletion syndrome},
  Author                   = {Paylor, Richard and Glaser, Beate and Mupo, Annalisa and Ataliotis, Paris and Spencer, Corinne and Sobotka, Angela and Sparks, Chelsey and Choi, Chul-Hee and Oghalai, John and Curran, Sarah and others},
  Journal                  = {Proc Natl Acad Sci},
  Year                     = {2006},
  Number                   = {20},
  Pages                    = {7729--7734},
  Volume                   = {103},

  Publisher                = {National Acad Sciences}
}

@Article{pei2006genetic,
  Title                    = {Genetic variation of infant reduced folate carrier (A80G) and risk of orofacial defects and congenital heart defects in China},
  Author                   = {Pei, Lijun and Zhu, Huiping and Zhu, Jianghui and Ren, Aiguo and Finnell, Richard H and Li, Zhu},
  Journal                  = {Ann Epidemiol},
  Year                     = {2006},
  Number                   = {5},
  Pages                    = {352--356},
  Volume                   = {16},

  Publisher                = {Elsevier}
}

@Article{piedrahita1999mice,
  Title                    = {Mice lacking the folic acid-binding protein Folbp1 are defective in early embryonic development},
  Author                   = {Piedrahita, Jorge A and Oetama, Betty and Bennett, Gregory D and van Waes, Jan{\'e}e and Kamen, Barton A and Richardson, James and Lacey, Stephen W and Anderson, Richard GW and Finnell, Richard H},
  Journal                  = {Nat Genet},
  Year                     = {1999},
  Number                   = {2},
  Pages                    = {228--232},
  Volume                   = {23},

  Publisher                = {Nature Publishing Group}
}

@Article{pierpont2007genetic,
  Title                    = {Genetic basis for congenital heart defects: Current knowledge a scientific statement from the american heart association congenital cardiac defects committee, council on cardiovascular disease in the young: Endorsed by the american academy of pediatrics},
  Author                   = {Pierpont, Mary Ella and Basson, Craig T and Benson, D Woodrow and Gelb, Bruce D and Giglia, Therese M and Goldmuntz, Elizabeth and McGee, Glenn and Sable, Craig A and Srivastava, Deepak and Webb, Catherine L},
  Journal                  = {Circulation},
  Year                     = {2007},
  Number                   = {23},
  Pages                    = {3015--3038},
  Volume                   = {115},

  Publisher                = {Am Heart Assoc}
}

@Article{plageman2005t,
  Title                    = {T-box genes and heart development: Putting the ``T'' in heart},
  Author                   = {Plageman, Timothy F and Yutzey, Katherine E},
  Journal                  = {Dev Dyn},
  Year                     = {2005},
  Number                   = {1},
  Pages                    = {11--20},
  Volume                   = {232},

  Publisher                = {Wiley Online Library}
}

@Article{pradat1992epidemiology,
  Title                    = {Epidemiology of major congenital heart defects in Sweden, 1981-1986.},
  Author                   = {Pradat, Pierre},
  Journal                  = {J Epidemiol Community Health},
  Year                     = {1992},
  Number                   = {3},
  Pages                    = {211--215},
  Volume                   = {46},

  Publisher                = {BMJ Publishing Group Ltd}
}

@Article{prall2007nkx2,
  Title                    = {An \textit{Nkx2-5/Bmp2/Smad1} negative feedback loop controls heart progenitor specification and proliferation},
  Author                   = {Prall, Owen WJ and Menon, Mary K and Solloway, Mark J and Watanabe, Yusuke and Zaffran, St{\'e}phane and Bajolle, Fanny and Biben, Christine and McBride, Jim J and Robertson, Bronwyn R and Chaulet, Herv{\'e} and others},
  Journal                  = {Cell},
  Year                     = {2007},
  Number                   = {5},
  Pages                    = {947--959},
  Volume                   = {128},

  Publisher                = {Elsevier}
}

@Article{prasad2002genetics,
  Title                    = {Genetics and cardiac anomalies: the heart of the matter},
  Author                   = {Prasad, Chitra and Chudley, Albert E},
  Journal                  = {Indian J Pediatr},
  Year                     = {2002},
  Number                   = {4},
  Pages                    = {321--332},
  Volume                   = {69},

  Publisher                = {Springer}
}

@Article{rauch2004assessment,
  Title                    = {Assessment of association between variants and haplotypes of the remaining \textit{TBX1} gene and manifestations of congenital heart defects in 22q11. 2 deletion patients},
  Author                   = {Rauch, A and Devriendt, Koenraad and Koch, A and Rauch, R and Gewillig, Marc and Kraus, C and Weyand, M and Singer, H and Reis, A and Hofbeck, M},
  Journal                  = {J Med Genet},
  Year                     = {2004},
  Number                   = {4},
  Pages                    = {e40--e40},
  Volume                   = {41},

  Publisher                = {BMJ Publishing Group Ltd}
}

@Article{reamon2006somatic,
  Title                    = {Somatic mutations in cardiac malformations},
  Author                   = {Reamon-Buettner, SM and Borlak, J},
  Journal                  = {J Med Genet},
  Year                     = {2006},
  Number                   = {8},
  Pages                    = {e45--e45},
  Volume                   = {43},

  Publisher                = {BMJ Publishing Group Ltd}
}

@Article{Reamon-Buettner2004a,
  Title                    = {Somatic \textit{NKX2-5} mutations as a novel mechanism of disease in complex congenital heart disease},
  Author                   = {Reamon-Buettner, SM and Borlak, J},
  Journal                  = {J Med Genet},
  Year                     = {2004},
  Number                   = {9},
  Pages                    = {684--690},
  Volume                   = {41},

  Publisher                = {BMJ Publishing Group Ltd}
}

@Article{reamon2010nkx2,
  Title                    = {\textit{NKX2-5}: an update on this hypermutable homeodomain protein and its role in human congenital heart disease (CHD)},
  Author                   = {Reamon-Buettner, Stella Marie and Borlak, Juergen},
  Journal                  = {Hum Mutat},
  Year                     = {2010},
  Number                   = {11},
  Pages                    = {1185--1194},
  Volume                   = {31},

  Publisher                = {Wiley Online Library}
}

@Article{reamon2006hey2,
  Title                    = {\textit{HEY2} mutations in malformed hearts},
  Author                   = {Reamon-Buettner, Stella Marie and Borlak, Juergen},
  Journal                  = {Hum Mutat},
  Year                     = {2006},
  Number                   = {1},
  Pages                    = {118--118},
  Volume                   = {27},

  Publisher                = {New York: Wiley-Liss, c1992-}
}

@Article{reamon2004tbx5,
  Title                    = {\textit{TBX5} mutations in Non-Holt-Oram Syndrome (HOS) malformed hearts},
  Author                   = {Reamon-Buettner, Stella Marie and Borlak, Juergen},
  Journal                  = {Hum Mutat},
  Year                     = {2004},
  Number                   = {1},
  Pages                    = {104--104},
  Volume                   = {24},

  Publisher                = {Wiley Online Library}
}

@Article{reamon2008loss,
  Title                    = {A loss-of-function mutation in the binding domain of \textit{HAND1} predicts hypoplasia of the human hearts},
  Author                   = {Reamon-Buettner, Stella Marie and Ciribilli, Yari and Inga, Alberto and Borlak, Juergen},
  Journal                  = {Hum Mol Genet},
  Year                     = {2008},
  Number                   = {10},
  Pages                    = {1397--1405},
  Volume                   = {17},

  Publisher                = {Oxford Univ Press}
}

@Article{reamon2004novel,
  Title                    = {Novel \textit{NKX2-5} mutations in diseased heart tissues of patients with cardiac malformations},
  Author                   = {Reamon-Buettner, Stella Marie and Hecker, Hartmut and Spanel-Borowski, Katharina and Craatz, Steffen and Kuenzel, Eberhard and Borlak, Juergen},
  Journal                  = {Am J Pathol},
  Year                     = {2004},
  Number                   = {6},
  Pages                    = {2117--2125},
  Volume                   = {164},

  Publisher                = {Elsevier}
}

@Article{reamon2013transcriptional,
  Title                    = {Transcriptional defect of an inherited \textit{NKX2-5} haplotype comprising a SNP, a nonsynonymous and a synonymous mutation, associated with human congenital heart disease},
  Author                   = {Reamon-Buettner, Stella Marie and Sattlegger, Evelyn and Ciribilli, Yari and Inga, Alberto and Wessel, Armin and Borlak, J{\"u}rgen},
  Journal                  = {PLoS One},
  Year                     = {2013},
  Number                   = {12},
  Pages                    = {e83295},
  Volume                   = {8},

  Publisher                = {Public Library of Science}
}

@Article{reamon2006bridging,
  Title                    = {Bridging the gap between anatomy and molecular genetics for an improved understanding of congenital heart disease},
  Author                   = {Reamon-Buettner, Stella Marie and Spanel-Borowski, Katharina and Borlak, J{\"u}rgen},
  Journal                  = {Ann Anat},
  Year                     = {2006},
  Number                   = {3},
  Pages                    = {213--220},
  Volume                   = {188},

  Publisher                = {Elsevier}
}

@Article{richards2008cryptic,
  Title                    = {Cryptic chromosomal abnormalities identified in children with congenital heart disease},
  Author                   = {Richards, Ashleigh A and Santos, Lane Jaeckle and Nichols, Haley A and Crider, Bill P and Elder, Frederick F and Hauser, Natalie S and Zinn, Andrew R and Garg, Vidu},
  Journal                  = {Pediatr Res},
  Year                     = {2008},
  Number                   = {4},
  Pages                    = {358--363},
  Volume                   = {64},

  Publisher                = {Nature Publishing Group}
}

@Article{robinson1994clinical,
  Title                    = {Clinical Genetics Handbook 2nd edition},
  Author                   = {Robinson, Arthur and Lindon, Mary G and Fitzpatrick, David},
  Journal                  = {Genet Res},
  Year                     = {1994},
  Number                   = {3},
  Pages                    = {217},
  Volume                   = {64},

  Publisher                = {London; New York: Cambridge University Press, 1960-}
}

@Article{roodpeyma2002risk,
  Title                    = {Risk factors in congenital heart disease},
  Author                   = {Roodpeyma, Shahla and Kamali, Zinat and Afshar, Farnoush and Naraghi, Shahrbanou},
  Journal                  = {Clin Pediatr},
  Year                     = {2002},
  Number                   = {9},
  Pages                    = {653--658},
  Volume                   = {41},

  Publisher                = {Sage Publications}
}

@Article{rosa2011trisomy,
  Title                    = {Trisomy 18: experience of a reference hospital from the south of Brazil},
  Author                   = {Rosa, Rafael FM and Rosa, Rosana and Lorenzen, Marina B and de Moraes, Felipe N and Graziadio, Carla and Zen, Paulo RG and Paskulin, Giorgio A},
  Journal                  = {Am J Med Genet},
  Year                     = {2011},
  Number                   = {7},
  Pages                    = {1529--1535},
  Volume                   = {155},

  Publisher                = {Wiley Online Library}
}

@Article{rosenquist1996homocysteine,
  Title                    = {Homocysteine induces congenital defects of the heart and neural tube: effect of folic acid},
  Author                   = {Rosenquist, Thomas H and Ratashak, S Anne and Selhub, Jacob},
  Journal                  = {Proc Natl Acad Sci},
  Year                     = {1996},
  Number                   = {26},
  Pages                    = {15227--15232},
  Volume                   = {93},

  Publisher                = {National Acad Sciences}
}

@Article{sarkozy2005spectrum,
  Title                    = {Spectrum of atrial septal defects associated with mutations of \textit{NKX2.5} and \textit{GATA4} transcription factors},
  Author                   = {Sarkozy, A and Conti, E and Neri, C and d’Agostino, R and Digilio, MC and Esposito, G and Toscano, A and Marino, B and Pizzuti, A and Dallapiccola, B},
  Journal                  = {J Med Genet},
  Year                     = {2005},
  Number                   = {2},
  Pages                    = {e16--e16},
  Volume                   = {42},

  Publisher                = {BMJ Publishing Group Ltd}
}

@Article{schellberg2004new,
  Title                    = {New trends in chromosomal investigation in children with cardiovascular malformations},
  Author                   = {Schellberg, Ruth and Schwanitz, Gesa and Gr{\"a}vinghoff, Lutz and Kallenberg, Rolf and Trost, Detlef and Raff, Ruth and Wiebe, Walter},
  Journal                  = {Cardiol Young},
  Year                     = {2004},
  Number                   = {06},
  Pages                    = {622--629},
  Volume                   = {14},

  Publisher                = {Cambridge Univ Press}
}

@InProceedings{schinke2001lack,
  Title                    = {Lack of the conserved NK2-domain of the cardiac transcription factor \textit{NKX2.5} causes multiple heart defects},
  Author                   = {Schinke, M and Litovsky, S and Usheva, A and Tanaka, M and Maguire, C and Berul, C and Izumo, S},
  Booktitle                = {Circulation},
  Year                     = {2001},
  Number                   = {17},
  Organization             = {LIPPINCOTT WILLIAMS \& WILKINS 530 WALNUT ST, PHILADELPHIA, PA 19106-3621 USA},
  Pages                    = {27--27},
  Volume                   = {104}
}

@Article{schott1998congenital,
  Title                    = {Congenital heart disease caused by mutations in the transcription factor \textit{NKX2-5}},
  Author                   = {Schott, Jean-Jacques and Benson, D Woodrow and Basson, Craig T and Pease, William and Silberbach, G Michael and Moak, Jeffrey P and Maron, Barry J and Seidman, Christine E and Seidman, Jonathan G},
  Journal                  = {Science},
  Year                     = {1998},
  Number                   = {5373},
  Pages                    = {108--111},
  Volume                   = {281},

  Publisher                = {American Association for the Advancement of Science}
}

@Article{schwarz2014mutationtaster2,
  Title                    = {MutationTaster2: mutation prediction for the deep-sequencing age},
  Author                   = {Schwarz, Jana Marie and Cooper, David N and Schuelke, Markus and Seelow, Dominik},
  Journal                  = {Nat Methods},
  Year                     = {2014},
  Number                   = {4},
  Pages                    = {361--362},
  Volume                   = {11},

  Publisher                = {Nature Publishing Group}
}

@Article{searcy1998gata,
  Title                    = {A \textit{GATA}-dependent \textit{nkx-2.5} regulatory element activates early cardiac gene expression in transgenic mice},
  Author                   = {Searcy, Robin D and Vincent, Eric B and Liberatore, Christine M and Yutzey, Katherine E},
  Journal                  = {Development},
  Year                     = {1998},
  Number                   = {22},
  Pages                    = {4461--4470},
  Volume                   = {125},

  Publisher                = {The Company of Biologists Limited}
}

@Article{sepulveda2002combinatorial,
  Title                    = {Combinatorial expression of \textit{GATA4}, \textit{Nkx2-5}, and serum response factor directs early cardiac gene activity},
  Author                   = {Sepulveda, Jorge L and Vlahopoulos, Spiros and Iyer, Dinakar and Belaguli, Narasimhaswamy and Schwartz, Robert J},
  Journal                  = {J Biol Chem},
  Year                     = {2002},
  Number                   = {28},
  Pages                    = {25775--25782},
  Volume                   = {277},

  Publisher                = {ASBMB}
}

@Book{shaffer2013iscn,
  Title                    = {ISCN 2013: An International System for Human Cytogenetic Nomenclature (2013)},
  Author                   = {Shaffer, Lisa G and McGowan-Jordan, Jean and Schmid, Michael and others},
  Publisher                = {Karger Medical and Scientific Publishers},
  Year                     = {2013}
}

@Article{shaw2005risks,
  Title                    = {Risks of human conotruncal heart defects associated with 32 single nucleotide polymorphisms of selected cardiovascular disease-related genes},
  Author                   = {Shaw, Gary M and Iovannisci, David M and Yang, Wei and Finnell, Richard H and Carmichael, Suzan L and Cheng, Suzanne and Lammer, Edward J},
  Journal                  = {Am J Med Genet},
  Year                     = {2005},
  Number                   = {1},
  Pages                    = {21--26},
  Volume                   = {138},

  Publisher                = {Wiley Online Library}
}

@Article{shaw1995maternal,
  Title                    = {Maternal periconceptional use of multivitamins and reduced risk for conotruncal heart defects and limb deficiencies among offspring},
  Author                   = {Shaw, Gary M and O'Malley, Cynthia D and Wasserman, Cathy R and Tolarova, Marie M and Lammer, Edward J},
  Journal                  = {Am J Med Genet},
  Year                     = {1995},
  Number                   = {4},
  Pages                    = {536--545},
  Volume                   = {59},

  Publisher                = {Wiley Online Library}
}

@Article{shaw2003genetic,
  Title                    = {Genetic variation of infant reduced folate carrier (A80G) and risk of orofacial and conotruncal heart defects},
  Author                   = {Shaw, Gary M and Zhu, Huiping and Lammer, Edward J and Yang, Wei and Finnell, Richard H},
  Journal                  = {Am J Epidemiol},
  Year                     = {2003},
  Number                   = {8},
  Pages                    = {747--752},
  Volume                   = {158},

  Publisher                = {Oxford Univ Press}
}

@Article{sheng2013dna,
  Title                    = {DNA methylation status of \textit{NKX2-5}, \textit{GATA4} and \textit{HAND1} in patients with tetralogy of fallot},
  Author                   = {Sheng, Wei and Qian, Yanyan and Wang, Huijun and Ma, Xiaojing and Zhang, Ping and Diao, Lianwei and An, Quan and Chen, Long and Ma, Duan and Huang, Guoying},
  Journal                  = {BMC Med Genomics},
  Year                     = {2013},
  Number                   = {1},
  Pages                    = {46},
  Volume                   = {6},

  Publisher                = {BioMed Central Ltd}
}

@Article{smedts2008maternal,
  Title                    = {Maternal intake of fat, riboflavin and nicotinamide and the risk of having offspring with congenital heart defects},
  Author                   = {Smedts, Huberdina PM and Rakhshandehroo, Maryam and Verkleij-Hagoort, Anna C and de Vries, Jeanne HM and Ottenkamp, Jaap and Steegers, Eric AP and Steegers-Theunissen, R{\'e}gine PM},
  Journal                  = {Eur J Nutr},
  Year                     = {2008},
  Number                   = {7},
  Pages                    = {357--365},
  Volume                   = {47},

  Publisher                = {Springer}
}

@Article{smithells1976vitamin,
  Title                    = {Vitamin dificiencies and neural tube defects.},
  Author                   = {Smithells, RW and Sheppard, S and Schorah, CJ},
  Journal                  = {Arch Dis Child},
  Year                     = {1976},
  Number                   = {12},
  Pages                    = {944--950},
  Volume                   = {51},

  Publisher                = {BMJ Publishing Group Ltd and Royal College of Paediatrics and Child Health}
}

@Article{srivastava2006genetic,
  Title                    = {Genetic regulation of cardiogenesis and congenital heart disease},
  Author                   = {Srivastava, Deepak},
  Journal                  = {Annu. Rev. Pathol. Mech. Dis.},
  Year                     = {2006},
  Pages                    = {199--213},
  Volume                   = {1},

  Publisher                = {Annual Reviews}
}

@Article{stalmans2003vegf,
  Title                    = {\textit{VEGF}: a modifier of the del22q11 (DiGeorge) syndrome?},
  Author                   = {Stalmans, Ingeborg and Lambrechts, Diether and Jansen, Sandra and Wang, Jian and Maity, Sunit and Kneer, Paige and von der Ohe, Maren and Swillen, Ann and Maes, Christa and Gewillig, Marc and others},
  Journal                  = {Nat Med},
  Year                     = {2003},
  Number                   = {2},
  Pages                    = {173--182},
  Volume                   = {9},

  Publisher                = {Nature Publishing Group}
}

@Article{stanger2002physiology,
  Title                    = {Physiology of folic acid in health and disease},
  Author                   = {Stanger, O},
  Journal                  = {Curr Drug Metab},
  Year                     = {2002},
  Number                   = {2},
  Pages                    = {211--223},
  Volume                   = {3},

  Publisher                = {Bentham Science Publishers}
}

@Article{stennard2005t,
  Title                    = {T-box transcription factors and their roles in regulatory hierarchies in the developing heart},
  Author                   = {Stennard, Fiona A and Harvey, Richard P},
  Journal                  = {Development},
  Year                     = {2005},
  Number                   = {22},
  Pages                    = {4897--4910},
  Volume                   = {132},

  Publisher                = {The Company of Biologists Limited}
}

@InProceedings{stewart2007chromosome,
  Title                    = {The chromosome 9q subtelomere deletion syndrome},
  Author                   = {Stewart, Douglas R and Kleefstra, Tjitske},
  Booktitle                = {American Journal of Medical Genetics Part C: Seminars in Medical Genetics},
  Year                     = {2007},
  Number                   = {4},
  Organization             = {Wiley Online Library},
  Pages                    = {383--392},
  Volume                   = {145}
}

@Article{stoll1989risk,
  Title                    = {Risk factors in congenital heart disease},
  Author                   = {Stoll, C and Alembik, Y and Roth, MP and Dott, B and De Geeter, B},
  Journal                  = {Eur J Pediatr},
  Year                     = {1989},
  Number                   = {3},
  Pages                    = {382--391},
  Volume                   = {5},

  Publisher                = {Springer}
}

@Article{storti2003association,
  Title                    = {Association between 5, 10-methylenetetrahydrofolate reductase C677T and A1298C polymorphisms and conotruncal heart defects},
  Author                   = {Storti, Simona and Vittorini, Simona and Iascone, Maria R and Sacchelli, Monica and Collavoli, Anita and Ripoli, Andrea and Cocchi, Guido and Biagini, Andrea and Clerico, Aldo},
  Journal                  = {Clin Chem Lab Med},
  Year                     = {2003},
  Number                   = {3},
  Pages                    = {276--280},
  Volume                   = {41}
}

@Article{takeuchi2005tbx20,
  Title                    = {Tbx20 dose-dependently regulates transcription factor networks required for mouse heart and motoneuron development},
  Author                   = {Takeuchi, Jun K and Mileikovskaia, Maria and Koshiba-Takeuchi, Kazuko and Heidt, Analeah B and Mori, Alessandro D and Arruda, Eric P and Gertsenstein, Marina and Georges, Romain and Davidson, Lorinda and Mo, Rong and others},
  Journal                  = {Development},
  Year                     = {2005},
  Number                   = {10},
  Pages                    = {2463--2474},
  Volume                   = {132},

  Publisher                = {The Company of Biologists Limited}
}

@Article{tanaka1999cardiac,
  Title                    = {The cardiac homeobox gene \textit{Csx/Nkx2.5} lies genetically upstream of multiple genes essential for heart development},
  Author                   = {Tanaka, Makoto and Chen, Zhi and Bartunkova, Sonia and Yamasaki, Naohito and Izumo, Seigo},
  Journal                  = {Development},
  Year                     = {1999},
  Number                   = {6},
  Pages                    = {1269--1280},
  Volume                   = {126},

  Publisher                = {The Company of Biologists Limited}
}

@Article{thienpont2007submicroscopic,
  Title                    = {Submicroscopic chromosomal imbalances detected by array-CGH are a frequent cause of congenital heart defects in selected patients},
  Author                   = {Thienpont, Bernard and Mertens, Luc and de Ravel, Thomy and Eyskens, Benedicte and Boshoff, Derize and Maas, Nicole and Fryns, Jean-Pierre and Gewillig, Marc and Vermeesch, Joris R and Devriendt, Koen},
  Journal                  = {Eur Heart J},
  Year                     = {2007},
  Number                   = {22},
  Pages                    = {2778--2784},
  Volume                   = {28},

  Publisher                = {Eur Soc Cardiology}
}

@Article{varmuza2006differential,
  Title                    = {Differential duplication of an intronic region in the \textit{NFATC1} gene in patients with congenital heart disease},
  Author                   = {Varmuza, S and Yehya, Amin and Souki, Ramzi and Bitar, Fadi and Nemer, Georges},
  Journal                  = {Genome},
  Year                     = {2006},
  Number                   = {9},
  Pages                    = {1092--1098},
  Volume                   = {49},

  Publisher                = {NRC Research Press}
}

@Article{verkleij2008genetic,
  Title                    = {Genetic and lifestyle factors related to the periconception vitamin B12 status and congenital heart defects: a Dutch case-control study},
  Author                   = {Verkleij-Hagoort, Anna C and van Driel, Lydi MJW and Lindemans, Jan and Isaacs, Aaron and Steegers, Eric AP and Helbing, Willem A and Uitterlinden, Andr{\'e} G and Steegers-Theunissen, R{\'e}gine PM},
  Journal                  = {Mol Genet  Metab},
  Year                     = {2008},
  Number                   = {1},
  Pages                    = {112--119},
  Volume                   = {94},

  Publisher                = {Elsevier}
}

@Book{babu1995human,
  Title                    = {Human chromosomes: principles and techniques},
  Author                   = {Verma, Rao San and Babu, Arvind},
  Publisher                = {McGraw-Hill},
  Year                     = {1995}
}

@Article{vincentz2008cooperative,
  Title                    = {Cooperative interaction of \textit{Nkx2.5} and \textit{Mef2c} transcription factors during heart development},
  Author                   = {Vincentz, Joshua W and Barnes, Ralston M and Firulli, Beth A and Conway, Simon J and Firulli, Anthony B},
  Journal                  = {Dev Dyn},
  Year                     = {2008},
  Number                   = {12},
  Pages                    = {3809--3819},
  Volume                   = {237},

  Publisher                = {Wiley Online Library}
}

@InProceedings{voelckel2004allelic,
  Title                    = {Allelic variations at the haploid \textit{TBX1} locus do not influence the cardiac phenotype in cases of 22q11 microdeletion},
  Author                   = {Voelckel, Marie-Antoinette and Girardot, Lydie and Giusiano, Bernard and Levy, Nicolas and Philip, Nicole},
  Booktitle                = {Annales de genetique},
  Year                     = {2004},
  Number                   = {3},
  Organization             = {Elsevier},
  Pages                    = {235--240},
  Volume                   = {47}
}

@Article{volpe200322q11,
  Title                    = {22q11 deletions in fetuses with malformations of the outflow tracts or interruption of the aortic arch: impact of additional ultrasound signs},
  Author                   = {Volpe, Paolo and Marasini, Maurizio and Caruso, Gilda and Marzullo, Andrea and Buonadonna, Antonia Lucia and Arciprete, Paolo and Di Paolo, Salvatore and Volpe, Gennaro and Gentile, Mattia},
  Journal                  = {Prenat Diagn},
  Year                     = {2003},
  Number                   = {9},
  Pages                    = {752--757},
  Volume                   = {23}
}

@Article{wang2012genetic,
  Title                    = {Genetic analysis of the \textit{TBX1} gene promoter in ventricular septal defects},
  Author                   = {Wang, Haihua and Chen, Dongfeng and Ma, Liming and Meng, Haihong and Liu, Yumei and Xie, Wen and Pang, Shuchao and Yan, Bo},
  Journal                  = {Mol Cell Biochem},
  Year                     = {2012},
  Number                   = {1-2},
  Pages                    = {53--58},
  Volume                   = {370},

  Publisher                = {Springer}
}

@Article{watanabe2002two,
  Title                    = {Two novel frameshift mutations in \textit{NKX2.5} result in novel features including visceral inversus and sinus venosus type ASD},
  Author                   = {Watanabe, Y and Benson, DW and Yano, S and Akagi, T and Yoshino, M and Murray, JC},
  Journal                  = {J Med Genet},
  Year                     = {2002},
  Number                   = {11},
  Pages                    = {807--811},
  Volume                   = {39},

  Publisher                = {BMJ Publishing Group Ltd}
}

@Article{wentzel2008clinical,
  Title                    = {Clinical variability of the 22q11. 2 duplication syndrome},
  Author                   = {Wentzel, Christian and Fernstr{\"o}m, Maria and {\"O}hrner, Ylva and Anner{\'e}n, G{\"o}ran and Thuresson, Ann-Charlotte},
  Journal                  = {Eur J Med Genet},
  Year                     = {2008},
  Number                   = {6},
  Pages                    = {501--510},
  Volume                   = {51},

  Publisher                = {Elsevier}
}

@Article{wessels2010genetic,
  Title                    = {Genetic factors in non-syndromic congenital heart malformations},
  Author                   = {Wessels, MW and Willems, PJ},
  Journal                  = {Clin Genet},
  Year                     = {2010},
  Number                   = {2},
  Pages                    = {103--123},
  Volume                   = {78},

  Publisher                = {Wiley Online Library}
}

@Article{xu2014novel,
  Title                    = {Novel \textit{TBX1} loss-of-function mutation causes isolated conotruncal heart defects in Chinese patients without 22q11. 2 deletion},
  Author                   = {Xu, Yue-Juan and Chen, Sun and Zhang, Jian and Fang, Shao-Hai and Guo, Qian-Qian and Wang, Jian and Fu, Qi-Hua and Li, Fen and Xu, Rang and Sun, Kun},
  Journal                  = {BMC Med Genet},
  Year                     = {2014},
  Number                   = {1},
  Pages                    = {78},
  Volume                   = {15},

  Publisher                = {BioMed Central Ltd}
}

@Article{xu2011detecting,
  Title                    = {Detecting 22q11. 2 deletion in Chinese children with conotruncal heart defects and single nucleotide polymorphisms in the haploid \textit{TBX1} locus},
  Author                   = {Xu, Yue-Juan and Wang, Jian and Xu, Rang and Zhao, Peng-Jun and Wang, Xi-Ke and Sun, Heng-Juan and Bao, Li-Ming and Shen, Jie and Fu, Qi-Hua and Li, Fen and others},
  Journal                  = {BMC Med Genet},
  Year                     = {2011},
  Number                   = {1},
  Pages                    = {169},
  Volume                   = {12},

  Publisher                = {BioMed Central Ltd}
}

@Article{yagi2003role,
  Title                    = {Role of \textit{TBX1} in human del22q11. 2 syndrome},
  Author                   = {Yagi, Hisato and Furutani, Yoshiyuki and Hamada, Hiromichi and Sasaki, Takashi and Asakawa, Shuichi and Minoshima, Shinsei and Ichida, Fukiko and Joo, Kunitaka and Kimura, Misa and Imamura, Shin-ichiro and others},
  Journal                  = {The Lancet},
  Year                     = {2003},
  Number                   = {9393},
  Pages                    = {1366--1373},
  Volume                   = {362},

  Publisher                = {Elsevier}
}

@Article{yamagishi2001combinatorial,
  Title                    = {The combinatorial activities of \textit{Nkx2.5} and \textit{dHAND} are essential for cardiac ventricle formation},
  Author                   = {Yamagishi, Hiroyuki and Yamagishi, Chihiro and Nakagawa, Osamu and Harvey, Richard P and Olson, Eric N and Srivastava, Deepak},
  Journal                  = {Dev Biol},
  Year                     = {2001},
  Number                   = {2},
  Pages                    = {190--203},
  Volume                   = {239},

  Publisher                = {Elsevier}
}

@Article{zeng2011a66g,
  Title                    = {A66G and C524T polymorphisms of the methionine synthase reductase gene are associated with congenital heart defects in the Chinese Han population},
  Author                   = {Zeng, W and Liu, L and Tong, Y and Liu, HM and Dai, L and Mao, M},
  Journal                  = {Genet Mol Res},
  Year                     = {2011},
  Number                   = {4},
  Pages                    = {2597--2605},
  Volume                   = {10}
}

@Article{zhang2013genetic,
  Title                    = {Genetic variants in the folate pathway and the risk of neural tube defects: a meta-analysis of the published literature},
  Author                   = {Zhang, Ti and Lou, Jiao and Zhong, Rong and Wu, Jing and Zou, Li and Sun, Yu and Lu, Xuzai and Liu, Li and Miao, Xiaoping and Xiong, Guanglian},
  Journal                  = {PLoS One},
  Year                     = {2013},
  Number                   = {4},
  Pages                    = {e59570},
  Volume                   = {8},

  Publisher                = {Public Library of Science}
}

@Article{zhao2001rescue,
  Title                    = {Rescue of embryonic lethality in reduced folate carrier-deficient mice by maternal folic acid supplementation reveals early neonatal failure of hematopoietic organs},
  Author                   = {Zhao, Rongbao and Russell, Robert G and Wang, Yanhua and Liu, Laibin and Gao, Feng and Kneitz, Burkhard and Edelmann, Winfried and Goldman, I David},
  Journal                  = {J Biol Chem},
  Year                     = {2001},
  Number                   = {13},
  Pages                    = {10224--10228},
  Volume                   = {276},

  Publisher                = {ASBMB}
}

@Article{ziolkowska2008chromosome,
  Title                    = {Chromosome 22q11. 2 microdeletion in children with conotruncal heart defects: frequency, associated cardiovascular anomalies, and outcome following cardiac surgery},
  Author                   = {Ziolkowska, Lidia and Kawalec, Wanda and Turska-Kmiec, Anna and Krajewska-Walasek, Malgorzata and Brzezinska-Rajszys, Grazyna and Daszkowska, Jadwiga and Maruszewski, Bogdan and Burczynski, Piotr},
  Journal                  = {Eur J Pediatr},
  Year                     = {2008},
  Number                   = {10},
  Pages                    = {1135--1140},
  Volume                   = {167},

  Publisher                = {Springer}
}

@Article{zweier2007human,
  Title                    = {Human \textit{TBX1} missense mutations cause gain of function resulting in the same phenotype as 22q11. 2 deletions},
  Author                   = {Zweier, Christiane and Sticht, Heinrich and Aydin-Yaylag{\"u}l, Inci and Campbell, Christine E and Rauch, Anita},
  Journal                  = {Am J Hum Genet},
  Year                     = {2007},
  Number                   = {3},
  Pages                    = {510--517},
  Volume                   = {80},

  Publisher                = {Elsevier}
}

@article{reamon2004somatic,
  title={Somatic \textit{NKX2-5} mutations as a novel mechanism of disease in complex congenital heart disease},
  author={Reamon-Buettner, SM and Borlak, J},
  journal={J Med Genet},
  volume={41},
  number={9},
  pages={684--690},
  year={2004},
  publisher={BMJ Publishing Group Ltd}
}
