@article{curry1997,
  title={Evaluation of Mental Retardation: Recommendations},
author={Curry, Cynthia J and Stevenson, Roger E and Aughton, David and Byrne, Janice and Carey, John C and Cassidy, Suzanne and Cunniff, Christopher and Graham Jr, John M and Jones, Marilyn C and Kaback, Michael M and others},
journal={Am J Med Genet},
  volume={72},
  pages={468--477},
  year={1997}
}
@article{van2005,
  title={Diagnostic investigations in individuals with mental retardation: a systematic literature review of their usefulness},
  author={van Karnebeek CD and Jansweijer MC and Leenders AG and Offringa M and Hennekam RC},
  journal={Eur J Hum Genet},
  volume={13},
  number={1},
  pages={6--25},
  year={2005},
  publisher={Nature Publishing Group}
}
@article{winnepenninckx2003,
  title={Mental retardation: a review of the genetic causes},
  author={Winnepenninckx B and Rooms L and Kooy RF},
  journal={Br J Dev Disabil},
  volume={49},
  pages={29--44},
  year={2003}
}
@article{yunis1978,
  title={The characterization of high-resolution G-banded chromosomes of man},
  author={Yunis JJ and Sawyer JR and Ball DW},
  journal={Chromosoma},
  volume={67},
  number={4},
  pages={293--307},
  year={1978},
}
@article{rousseau1991,
  title={Selection in blood cells from female carriers of the fragile X syndrome: inverse correlation between age and proportion of active X chromosomes carrying the full mutation.},
  author={Rousseau F and Heitz D and Oberle I and Mandel JL},
  journal={J Med Genet},
  volume={28},
  number={12},
  pages={830--836},
  year={1991},
  publisher={BMJ Publishing Group Ltd}
}
@article{verkerk1991,
  title={Identification of a gene (FMR-1) containing a CGG repeat coincident with a breakpoint cluster region exhibiting length variation in fragile X syndrome},
  author={Verkerk AJMH and Pieretti M and Sutcliffe JS and Fu Y-H and Kuhl DPA and Pizzuti A and Reiner, Orly and Richards, Stephen and Victoria, Maureen F and Zhang, Fuping and others},
  journal={Cell},
  volume={65},
  number={5},
  pages={905--14},
  year={1991},
  publisher={Elsevier}
}
@article{saluto2005,
  title={An enhanced polymerase chain reaction assay to detect pre-and full mutation alleles of the fragile X mental retardation 1 gene},
  author={Saluto A and Brussino A and Tassone F and Arduino C and Cagnoli C and Pappi P and Hagerman P and Migone N and Brusco A},
  journal={J Mol Diagn},
  volume={7},
  number={5},
  pages={605--12},
  year={2005},
  publisher={Elsevier}
}
@article{strom2007,
  title={Development of a novel, accurate, automated, rapid, high-throughput technique suitable for population-based carrier screening for Fragile X syndrome},
  author={Strom CM and Huang D and Li Y and Hantash FM and Rooke J and Potts SJ and Steven J and Sun W},
  journal={Genetics in Medicine},
  volume={9},
  number={4},
  pages={199--207},
  year={2007},
  publisher={Nature Publishing Group}
}
@article{brown1996,
  title={Prenatal diagnosis and carrier screening for fragile X by PCR},
  author={Brown WT and Nolin S and Houck G and Ding X and Glicksman A and Li SY},
  journal={Am J Med Genet},
  volume={64},
  number={1},
  pages={191--5},
  year={1996},
  publisher={Wiley Online Library}
}
@article{haddad1996,
  title={A PCR-based test suitable for screening for fragile X syndrome among mentally retarded males},
  author={Haddad LA and Mingroni-Netto RC and Vianna-Morgante AM and Pena SD and Sergio DJ},
  journal={Hum Genet},
  volume={97},
  number={6},
  pages={808--12},
  year={1996},
  publisher={Springer}
}
@article{hamdan1997,
  title={Automated detection of trinucleotide repeats in fragile X syndrome},
  author={Hamdan H and Tynan JA and Fenwick RA and Leon JA},
  journal={Mol Diagn},
  volume={2},
  number={4},
  pages={259--69},
  year={1997},
  publisher={Elsevier}
}
@article{hecimovic2001,
  title={A simple and rapid analysis of triplet repeat diseases by expand long PCR},
  author={Hecimovic S and Vlasic J and Barisic L and Markovic D and Culic V and Pavelic K},
  journal={Clin Chem Lab Med},
  volume={39},
  number={12},
  pages={1259--62},
  year={2001}
}
@article{tassone2008,
  title={A rapid polymerase chain reaction-based screening method for identification of all expanded alleles of the fragile X (FMR1) gene in newborn and high-risk populations},
  author={Tassone F and Pan R and Amiri K and Taylor AK and Hagerman PJ},
  journal={J Mol Diagn},
  volume={10},
  number={1},
  pages={43--9},
  year={2008},
  publisher={Elsevier}
}
@article{de2003,
  title={Telomeres: a diagnosis at the end of the chromosomes},
  author={de Vries BBA and Winter R and Schinzel A and van Ravenswaaij-Arts C},
  journal={J Med Genet},
  volume={40},
  number={6},
  pages={385--98},
  year={2003},
  publisher={BMJ Publishing Group Ltd}
}
@article{cody1997,
  title={Growth hormone insufficiency associated with haploinsufficiency at 18q23},
  author={Cody JD and Hale DE and Brkanac Z and Kaye CI and Leach RJ},
  journal={Am J Med Genet},
  volume={71},
  number={4},
  pages={420--5},
  year={1997}
}
@article{moeschler2014,
  title={Comprehensive evaluation of the child with intellectual disability or global developmental delays},
  author={Moeschler JB and Shevell M and Saul RA and Chen E and Freedenberg DL and Hamid R and Jones MC and Stoler JM 2and Tarini, Beth Anne and others},
  journal={Pediatrics},
  volume={134},
  number={3},
  pages={e903--e918},
  year={2014},
  publisher={Am Acad Pediatrics}
}
@article{goncharova1976,
  title={Effect of methotrexate on the cell cycle of L1210 leukemia},
  author={Goncharova SA and Frankfurt OS},
  journal={Cell Proliferation},
  volume={9},
  number={4},
  pages={333--40},
  year={1976},
  publisher={Wiley Online Library}
}
@article{savage1988,
  title={Generalized blocking in S phase by methotrexate},
  author={Savage JRK and Prasad R},
  journal={Cell Tissue Kinet},
  volume={201},
  number={1},
  pages={195--201},
  year={1988},
  publisher={Elsevier}
}
%@article{shevell2003,
%  title={Practice parameter: Evaluation of the child with global developmental delay %Report of the Quality Standards Subcommittee of the American Academy of Neurology and %The Practice Committee of the Child Neurology Society},
%  author={Shevell MI and Ashwal S and Donley D and Flint J and Gingold M and Hirtz D %and Majnemer A and Noetzel M and Sheth RD},
%  journal={Neurology},
%  volume={60},
%  number={3},
%  pages={367--380},
%  year={2003},
%  publisher={AAN Enterprises}
%}
%@inbook{fenichel2001,
%  author={Fenichel, GM},
%  title={Psychomotor retardation and regression},
%  chapter={Clinical pediatric neurology: a signs and symptoms approach},
%  pages={117--47},
%  publisher={WB Saunders},
%  year={2005},
%  address={Philadelphia, PA}
%  edition=5
%}