@article{curry1997,
  title={Evaluation of Mental Retardation: Recommendations},
  author={Curry, Cynthia J and Stevenson, Roger E and Aughton, David and Byrne, Janice and Carey, John C and Cassidy, Suzanne and Cunniff, Christopher and Graham Jr, John M and Jones, Marilyn C and Kaback, Michael M and others},
  journal={Am J Med Genet},
  volume={72},
  pages={468--477},
  year={1997}
}
@article{van2005,
  title={Diagnostic investigations in individuals with mental retardation: a systematic literature review of their usefulness},
  author={van Karnebeek CD and Jansweijer MC and Leenders AG and Offringa M and Hennekam RC},
  journal={Eur J Hum Genet},
  volume={13},
  number={1},
  pages={6--25},
  year={2005},
  publisher={Nature Publishing Group}
}
@article{winnepenninckx2003,
  title={Mental retardation: a review of the genetic causes},
  author={Winnepenninckx, Birgitta and Rooms, Liesbeth and Kooy, R Frank},
  journal={Br J Dev Disabil},
  volume={49},
  pages={29--44},
  year={2003}
}
@article{yunis1978,
  title={The characterization of high-resolution G-banded chromosomes of man},
  author={Yunis, Jorge J and Sawyer, Jeffrey R and Ball, David W},
  journal={Chromosoma},
  volume={67},
  number={4},
  pages={293--307},
  year={1978},
}
@article{rousseau1991,
  title={Selection in blood cells from female carriers of the fragile X syndrome: inverse correlation between age and proportion of active X chromosomes carrying the full mutation.},
  author={Rousseau, F and Heitz, D and Oberle, I and Mandel, JL},
  journal={J Med Genet},
  volume={28},
  number={12},
  pages={830--6},
  year={1991},
  publisher={BMJ Publishing Group Ltd}
}
@article{verkerk1991,
  title={Identification of a gene (FMR-1) containing a CGG repeat coincident with a breakpoint cluster region exhibiting length variation in fragile X syndrome},
  author={Verkerk, Annemiske JMH and Pieretti, Maura and Sutcliffe, James S and Fu, Ying-Hui and Kuhl, Derek PA and Pizzuti, Antonio and Reiner, Orly and Richards, Stephen and Victoria, Maureen F and Zhang, Fuping and others},
  journal={Cell},
  volume={65},
  number={5},
  pages={905--14},
  year={1991},
  publisher={Elsevier}
}
@article{saluto2005,
  title={An enhanced polymerase chain reaction assay to detect pre-and full mutation alleles of the fragile X mental retardation 1 gene},
  author={Saluto, Alessandro and Brussino, Alessandro and Tassone, Flora and Arduino, Carlo and Cagnoli, Claudia and Pappi, Patrizia and Hagerman, Paul and Migone, Nicola and Brusco, Alfredo},
  journal={J Mol Diagn},
  volume={7},
  number={5},
  pages={605--12},
  year={2005},
  publisher={Elsevier}
}
@article{strom2007,
  title={Development of a novel, accurate, automated, rapid, high-throughput technique suitable for population-based carrier screening for Fragile X syndrome},
  author={Strom, Charles M and Huang, Donghui and Li, Yuanyin and Hantash, Feras M and Rooke, Jenny and Potts, Steven J and Sun, Weimin},
  journal={Genet Med},
  volume={9},
  number={4},
  pages={199--207},
  year={2007},
  publisher={Nature Publishing Group}
}
@article{brown1996,
  title={Prenatal diagnosis and carrier screening for fragile X by PCR},
  author={Brown, W Ted and Nolin, Sarah and Houck, George and Ding, Xiaohua and Glicksman, Anne and Li, Shu-Yun and Stark-Houck, Sandra and Brophy, Patricia and Duncan, Charlotte and Dobkin, Carl and others},
  journal={Am J Med Genet},
  volume={64},
  number={1},
  pages={191--5},
  year={1996},
  publisher={Wiley Online Library}
}
@article{haddad1996,
  title={A PCR-based test suitable for screening for fragile X syndrome among mentally retarded males},
  author={Haddad, Luciana A and Mingroni-Netto, Regina C and Vianna-Morgante, Angela M and Pena, S{\'e}rgio DJ},
  journal={Hum Genet},
  volume={97},
  number={6},
  pages={808--12},
  year={1996},
  publisher={Springer}
}
@article{hamdan1997,
  title={Automated detection of trinucleotide repeats in fragile X syndrome},
  author={Hamdan, Hasnah and Tynan, John A and Fenwick, Raymond A and Leon, Jorge A},
  journal={Mol Diagn},
  volume={2},
  number={4},
  pages={259--69},
  year={1997},
  publisher={Elsevier}
}
@article{hecimovic2001,
  title={A simple and rapid analysis of triplet repeat diseases by expand long PCR},
  author={He{\'c}imovi{\'c}, Silvia and Vla{\v{s}}ic, Jelena and Bari{\v{s}}i{\'c}, Ingeborg and Markovi{\'c}, Dubravko and {\v{C}}uli{\'c}, Vida and Paveli{\'c}, Kre{\v{s}}imir},
  journal={Clin Chem Lab Med},
  volume={39},
  number={12},
  pages={1259--62},
  year={2001}
}
@article{tassone2008,
  title={A rapid polymerase chain reaction-based screening method for identification of all expanded alleles of the fragile X (FMR1) gene in newborn and high-risk populations},
  author={Tassone, Flora and Pan, Ruiqin and Amiri, Khaled and Taylor, Annette K and Hagerman, Paul J},
  journal={J Mol Diagn},
  volume={10},
  number={1},
  pages={43--9},
  year={2008},
  publisher={Elsevier}
}
@article{de2003,
  title={Telomeres: a diagnosis at the end of the chromosomes},
  author={De Vries, BBA and Winter, R and Schinzel, A and van Ravenswaaij-Arts, C},
  journal={J Med Genet},
  volume={40},
  number={6},
  pages={385--98},
  year={2003},
  publisher={BMJ Publishing Group Ltd}
}
@article{cody1997,
  title={Growth hormone insufficiency associated with haploinsufficiency at 18q23},
  author={Cody, Jannine D and Hale, Daniel E and Brkanac, Zoran and Kaye, Celia I and Leach, Robin J},
  journal={Am J Med Genet},
  volume={71},
  number={4},
  pages={420--5},
  year={1997}
}
@article{moeschler2014,
  title={Comprehensive evaluation of the child with intellectual disability or global developmental delays},
  author={Moeschler, John B and Shevell, Michael and Saul, Robert A and Chen, Emily and Freedenberg, Debra L and Hamid, Rizwan and Jones, Marilyn C and Stoler, Joan M and Tarini, Beth Anne and others},
  journal={Pediatrics},
  volume={134},
  number={3},
  pages={e903--e918},
  year={2014},
  publisher={Am Acad Pediatrics}
}
@article{goncharova1976,
  title={Effect of methotrexate on the cell cycle of L1210 leukemia},
  author={Goncharova, SA and Frankfurt, OS},
  journal={Cell Proliferation},
  volume={9},
  number={4},
  pages={333--40},
  year={1976},
  publisher={Wiley Online Library}
}
@article{savage1988,
  title={Generalized blocking in S phase by methotrexate},
  author={Savage, John RK and Prasad, R},
  journal={Cell Tissue Kinet},
  volume={201},
  number={1},
  pages={195--201},
  year={1988},
  publisher={Elsevier}
}
@online{chr182009,
      title  = {[Online].},
      author = {Chromosome 18 Registry \& Research Society.},
      url    = {http://www.chromosome18.org/},
      year   = {2009 [cited 2015 Mar 20]}
    }
@online{unique2008,
      title  = {[Online].},
      author = {18p Deletions.},
      url    = {http://www.rarechromo.org/html/DisorderGuides.asp},
      year   = {2008 [cited 2015 Mar 20]}
    }     

@article{shevell2008global,
  title={Global developmental delay and mental retardation or intellectual disability: conceptualization, evaluation, and etiology},
  author={Shevell, Michael},
  journal={Pediatric Clinics of North America},
  volume={55},
  number={5},
  pages={1071--1084},
  year={2008},
  publisher={Elsevier}
}
@inproceedings{petersen1998classification,
  title={Classification of developmental delays},
  author={Petersen, Mario C and Kube, David A and Palmer, Frederick B},
  booktitle={Seminars in pediatric neurology},
  volume={5},
  number={1},
  pages={2--14},
  year={1998},
  organization={Elsevier}
}
@inbook{maria2009,
  author={Shevell, Michael I and Maria, Bernard L (editor)},
  title={Current management in child neurology},
  chapter={Diagnostic approach to developmental delay},
  year={2009},
  pages={246--250},
  publisher={PMPH-USA},
  address={Hamilton, Ontario},
  edition={3},
  crossref = "maria2009current"
}
@book{maria2009current,
  title={Current management in child neurology},
  editor={Maria, Bernard L},
  year={2009},
  publisher={PMPH-USA}
}
@article{shevell2003practice,
  title={Practice parameter: Evaluation of the child with global developmental delay Report of the Quality Standards Subcommittee of the American Academy of Neurology and The Practice Committee of the Child Neurology Society},
  author={Shevell, MI and Ashwal, S and Donley, D and Flint, J and Gingold, M and Hirtz, D and Majnemer, A and Noetzel, M and Sheth, RD},
  journal={Neurol},
  volume={60},
  number={3},
  pages={367--380},
  year={2003},
  publisher={AAN Enterprises}
}
@inbook{fenichel2009clinical,
  title={Clinical pediatric neurology: a signs and symptoms approach},
  author={Fenichel, Gerald M},
  chapter={Psychomotor retardation and regression},
  year={2009},
  publisher={WB Saunders},
  address={Philadelphia, PA},
  edition={5}
}
@book{schalock2010intellectual,
  title={Intellectual disability: Definition, classification, and systems of supports},
  author={Schalock, Robert L and Borthwick-Duffy, Sharon A and Bradley, Valerie J and Buntinx, Wil HE and Coulter, David L and Craig, Ellis M and Gomez, Sharon C and Lachapelle, Yves and Luckasson, Ruth and Reeve, Alya and others},
  year={2010},
  publisher={ERIC},
  address={Washington DC}
}
@article{harris2013new,
  title={New terminology for mental retardation in DSM-5 and ICD-11},
  author={Harris, James C},
  journal={Curr opin psych},
  volume={26},
  number={3},
  pages={260--262},
  year={2013},
  publisher={LWW}
}
@manual{dsm2013diagnostic,
  title        = {Diagnostic and statistical manual of mental disorders},
  author       = {DSM-5 American Psychiatric Association and others}, 
  organization = {American Psychiatric Publishing},
  address      = {Arlington},
  edition      = 5,
  year         = 2013,
}
@article{carulla2011intellectual,
  title={Intellectual developmental disorders: towards a new name, definition and framework for “mental retardation/intellectual disability” in ICD-11},
  author={Carulla, Luis Salvador and Reed, Geoffrey M and Vaez-Azizi, Leila M and Cooper, Sally-Ann and Leal, Rafael and Bertelli, Marco and Adnams, Colleen and Cooray, Sherva and Deb, Shoumitro and DIRANI, LEYLA AKOURY and others},
  journal={World Psych},
  volume={10},
  number={3},
  pages={175--180},
  year={2011},
  publisher={Wiley Online Library}
}
@online{icd2015,
      title  = {International Statistical Classification of Diseases and Related Health Problems 10th Revision (ICD-10)-2015-WHO Version for 2015. [Online].},
      url    = {http://apps.who.int/classifications/icd10/browse/2015/en},
      year   = {2015 [cited 2015 May 25]}
}
@misc{american2013dsm,
  title={DSM-5 intellectual disability fact sheet},
  author={American Psychiatric Association and others},
  year={2013},
  publisher={Washington, DC: Author}
}
@manual{dsm1978diagnostic,
  title        = {Diagnostic and statistical manual of mental disorders},
  author       = {DSM-5 American Psychiatric Association and others}, 
  organization = {American Psychiatric Publishing},
  address      = {Washington, DC},
  edition      = 4,
  year         = 1978,
}
@article{heikura2003temporal,
  title={Temporal Changes in Incidence and Prevalence of Intellectual Disability Between Two Birth Cohorts in Northern Finland*},
  author={Heikura, Ulla and Taanila, Anja and Olsen, P{\"a}ivi and Hartikainen, Anna-Liisa and von Wendt, Lennart and J{\"a}rvelin, Marjo-Riitta},
  journal={Am J Ment Retard},
  volume={108},
  number={1},
  year={2003}
}
@article{chelly2006genetics,
  title={Genetics and pathophysiology of mental retardation},
  author={Chelly, Jamel and Khelfaoui, Malik and Francis, Fiona and Ch{\'e}rif, Beldjord and Bienvenu, Thierry},
  journal={European Journal of Human Genetics},
  volume={14},
  number={6},
  pages={701--713},
  year={2006},
  publisher={Nature Publishing Group}
}
@article{verma2000burden,
  title={Burden of genetic disorders in India},
  author={Verma, IC},
  journal={The Indian Journal of Pediatrics},
  volume={67},
  number={12},
  pages={893--898},
  year={2000},
  publisher={Springer}
}
@article{centers1996state,
  title={State-specific rates of mental retardation--United States, 1993.},
  author={Centers for Disease Control and Prevention (CDC and others},
  journal={MMWR. Morbidity and mortality weekly report},
  volume={45},
  number={3},
  pages={61--65},
  year={1996}
}
@book{world2007atlas,
  title={Atlas: global resources for persons with intellectual disabilities: 2007},
  author={World Health Organization and others},
  year={2007},
  publisher={World Health Organization}
}
@article{maulik2013epidemiology,
  title={Epidemiology of intellectual disability},
  author={Maulik, Pallab K and Harbour, Catherine K},
  journal={International Encyclopedia of Rehabilitation [online]},
  year={2013}
}
@article{helgason1964epidemiology,
  title={Epidemiology of mental disorders in Iceland. A psychiatric and demographic investigation of 5395 Icelanders.},
  author={Helgason, T{\'o}mas},
  journal={Acta Psychiatrica Scandinavica},
  volume={39},
  number={suppl 173},
  pages={7--250},
  year={1964},
  publisher={Blackwell Publishing}
}
@article{drillien1966studies,
  title={Studies in mental handicap. I. Prevalence and distribution by clinical type and severity of defect.},
  author={Drillien, CM and Jameson, S and Wilkinson, EM},
  journal={Archives of disease in childhood},
  volume={41},
  number={219},
  pages={528--538},
  year={1966},
  publisher={BMJ Group}
}
@misc{ARC1982prevalence,
  author={Association for Retarded Citizens of the United States.}
  title        = {The prevalence of mental retardation.},
  year         = 1982,
  note         = {Arlington, Texas}
}
@article{shiotsuki1984prevalence,
  title={The prevalence of mental retardation (MR) in Kurume City},
  author={Shiotsuki, Yuko and Matsuishi, Toyojiro and Yoshimura, Kohko and Yamashita, Fumio and Yano, Kazuo and Tokimasa, Hiroshi and Shoji, Haruko},
  journal={Brain and Development},
  volume={6},
  number={5},
  pages={487--490},
  year={1984},
  publisher={Elsevier}
}
@article{stein1986mild,
  title={Mild mental retardation and severe mental retardation compared: experiences in eight less developed countries.},
  author={Stein, Z and Belmont, L and Durkin, M},
  journal={Upsala journal of medical sciences. Supplement},
  volume={44},
  pages={89--96},
  year={1986}
}
@article{hagberg1986mild,
  title={Mild mental retardation in Gothenburg children born between 1966-70. Changes between two points of time.},
  author={Hagberg, G and Lewerth, A and Olsson, E and Westerberg, B},
  journal={Upsala journal of medical sciences. Supplement},
  volume={44},
  pages={52--57},
  year={1986}
}
@article{andersen1990epidemiological,
  title={An epidemiological study of disability in 4-year-old children from a birth cohort in Frederiksborg County, Denmark.},
  author={Andersen, E and Fledelius, HC and F{\o}ns, M and Haugsted, R},
  journal={Danish medical bulletin},
  volume={37},
  number={2},
  pages={182--185},
  year={1990}
}
@article{cooper1990mental,
  title={Mental handicap in school age children of Mannheim. An epidemiologic contribution},
  author={Cooper, B},
  journal={Der Nervenarzt},
  volume={61},
  number={9},
  pages={550},
  year={1990}
}
@article{tomas1991epidemiology,
  title={[Epidemiology of mental deficiency. The study of Safor (I): prevalence and etiology]},
  author={Tom{\'a}s, Vila M and Paricio, Talayero JM and Colomer, Revuelta C and Andr{\'e}s, Celma M and Moratal, A},
  journal={Anales espanoles de pediatria},
  volume={34},
  number={5},
  pages={365--371},
  year={1991}
}
@article{temtamy1994epidemiological,
  title={An epidemiological/genetic study of mental subnormality in Assiut Governorate, Egypt},
  author={Temtamy, SA and Kandil, MR and Demerdash, AM and Hassan, WA and Meguid, NA and Afifi, HH},
  journal={Clinical genetics},
  volume={46},
  number={5},
  pages={347--351},
  year={1994},
  publisher={Wiley Online Library}
}
@article{pongprapai1996study,
  title={A study on disabled children in a rural community in southern Thailand},
  author={Pongprapai, S and Tayakkanonta, K and Chongsuvivatwong, V and Underwood, P},
  journal={Disability \& Rehabilitation},
  volume={18},
  number={1},
  pages={42--46},
  year={1996},
  publisher={Informa UK Ltd UK}
}
@article{stromme1998mental,
  title={Mental retardation in Norway: prevalence and sub-classification in a cohort of 30 037 children born between 1980 and 1985},
  author={Str{\o}mme, P and Valvatne, K},
  journal={Acta Paediatrica},
  volume={87},
  number={3},
  pages={291--296},
  year={1998},
  publisher={Wiley Online Library}
}
@article{hou1998epidemiological,
  title={An epidemiological and aetiological study of children with intellectual disability in Taiwan},
  author={Hou, J-W and Wang, T-R and Chuang, S-M},
  journal={Journal of Intellectual Disability Research},
  volume={42},
  number={2},
  pages={137--143},
  year={1998},
  publisher={Wiley Online Library}
}
@article{camp1998maternal,
  title={Maternal and neonatal risk factors for mental retardation: defining the ‘at-risk’child},
  author={Camp, Bonnie W and Broman, Sarah H and Nichols, Paul L and Leff, Marilyn},
  journal={Early human development},
  volume={50},
  number={2},
  pages={159--173},
  year={1998},
  publisher={Elsevier}
}
@article{bradley2002mental,
  title={Mental retardation in teenagers: prevalence data from the Niagara region, Ontario},
  author={Bradley, Elspeth A and Thompson, Ann and Bryson, Susan E},
  journal={Canadian Journal of Psychiatry},
  volume={47},
  number={7},
  pages={652--659},
  year={2002},
  publisher={Ottawa, Canadian Psychiatric Association.}
}
@article{christianson2002children,
  title={Children with intellectual disability in rural South Africa: prevalence and associated disability},
  author={Christianson, AL and Zwane, ME and Manga, P and Rosen, E and Venter, A and Downs, D and Kromberg, JGR},
  journal={Journal of Intellectual Disability Research},
  volume={46},
  number={2},
  pages={179--186},
  year={2002},
  publisher={Wiley Online Library}
}
@article{el2003prevalence,
  title={Prevalence of mental retardation among children in Saudi Arabia},
  author={El Hazmi, MAF and Al Swailem, AA and Al Mosa, NA and Al Jarallah, AA},
  journal={East Mediterr Health J},
  volume={9},
  pages={6--11},
  year={2003}
}
@article{westerinen2007prevalence,
  title={Prevalence of intellectual disability: a comprehensive study based on national registers},
  author={Westerinen, Hannu and Kaski, M and Virta, L and Almqvist, F and Iivanainen, M},
  journal={Journal of Intellectual Disability Research},
  volume={51},
  number={9},
  pages={715--725},
  year={2007},
  publisher={Wiley Online Library}
}
@article{dave2005community,
  title={A community genetics approach to population screening in India for mental retardation-a model for developing countries},
  author={Dave, U and Shetty, N and Mehta, L},
  journal={Annals of human biology},
  volume={32},
  number={2},
  pages={195--203},
  year={2005},
  publisher={Informa UK Ltd UK}
}
@article{gustavson2005prevalence,
  title={Prevalence and aetiology of congenital birth defects, infant mortality and mental retardation in Lahore, Pakistan: a prospective cohort study},
  author={Gustavson, Karl-Henrik},
  journal={Acta Paediatrica},
  volume={94},
  number={6},
  pages={769--774},
  year={2005},
  publisher={Wiley Online Library}
}
@article{fitaw2006prevalence,
  title={Prevalence and impact of disability in north-western Ethiopia},
  author={Fitaw, Yohannis and Boersma, Johanna MF},
  journal={Disability and rehabilitation},
  volume={28},
  number={15},
  pages={949--953},
  year={2006},
  publisher={Taylor \& Francis}
}
@article{mcconkey2006adult,
  title={Adult persons with intellectual disabilities on the island of Ireland},
  author={McConkey, Roy and Mulvany, Fiona and Barron, Steve},
  journal={Journal of Intellectual Disability Research},
  volume={50},
  number={3},
  pages={227--236},
  year={2006},
  publisher={Wiley Online Library}
}
@article{petterson2007co,
  title={Co-occurrence of birth defects and intellectual disability},
  author={Petterson, Beverly and Bourke, Jennifer and Leonard, Helen and Jacoby, Peter and Bower, Carol},
  journal={Paediatric and Perinatal Epidemiology},
  volume={21},
  number={1},
  pages={65--75},
  year={2007},
  publisher={Wiley Online Library}
}
@article{hosain2007prevalence,
  title={Prevalence, pattern and determinants of mental disorders in rural Bangladesh},
  author={Hosain, GM Monawar and Chatterjee, Nilesh and Ara, Nighat and Islam, Tariqul},
  journal={Public Health},
  volume={121},
  number={1},
  pages={18--24},
  year={2007},
  publisher={Elsevier}
}
@article{xie2008sampling,
  title={Sampling survey on intellectual disability in 0~ 6-year-old children in China},
  author={Xie, Z-H and Bo, S-Y and Zhang, X-T and Liu, M and Zhang, Z-X and Yang, X-L and JI, S-R and Yan, H and Sui, X-L and Na, X and others},
  journal={Journal of Intellectual Disability Research},
  volume={52},
  number={12},
  pages={1029--1038},
  year={2008},
  publisher={Wiley Online Library}
}
@article{van2006prevalence,
  title={The prevalence of intellectual disability in Limburg, the Netherlands},
  author={Van Schrojenstein Lantman-de Valk, HMJ and Wullink, Magda and Van Den Akker, Marjan and Heurn-Nijsten, Van and Metsemakers, JFM and Dinant, Geert-Jan and others},
  journal={Journal of Intellectual Disability Research},
  volume={50},
  number={1},
  pages={61--68},
  year={2006},
  publisher={Wiley Online Library}
}
@article{maulik2011prevalence,
  title={Prevalence of intellectual disability: a meta-analysis of population-based studies},
  author={Maulik, Pallab K and Mascarenhas, Maya N and Mathers, Colin D and Dua, Tarun and Saxena, Shekhar},
  journal={Research in developmental disabilities},
  volume={32},
  number={2},
  pages={419--436},
  year={2011},
  publisher={Elsevier}
}
@misc{Census2003disabled,
  author       = {Census of India. New Delhi: Registrar General Office}, 
  title        = {Disabled population by type of disability, age, and sex},
  howpublished = {[Online]},
  year         = 2003,
}
@misc{2003disabled,
  author       = {National Sample Survey Organization.}, 
  title        = {Disabled persons in India, 58th round.},
  howpublished = {[Online]},
  year         = 2003,
}
@misc{Census2013disabled,
  author       = {Census of India. New Delhi: Registrar General Office}, 
  title        = {Disabled population by type of disability, age, and sex},
  howpublished = {[Online]},
  year         = 2013
}
@online{reynolds2015,
      title  = {Behavioral and Psychological Features of Intellectual Disabilities. [Online].},
      author = {52.	Reynolds, The BA and Zupanick, Che E and Dombeck, Mhe},
      url    = {http://www.chromosome18.org/},
      year   = {2009 [cited 2015 Mar 20]}
}
@article{sparrow1989vineland,
  title={The vineland adaptive behavior scales},
  author={Sparrow, Sara S and Cicchetti, Domenic V and Balla, David A},
  journal={Major psychological assessment instruments},
  volume={2},
  pages={199--231},
  year={1989},
  publisher={Springer}
}
@article{moeschler2014comprehensive,
  title={Comprehensive evaluation of the child with intellectual disability or global developmental delays},
  author={Moeschler, John B and Shevell, Michael and Saul, Robert A and Chen, Emily and Freedenberg, Debra L and Hamid, Rizwan and Jones, Marilyn C and Stoler, Joan M and Tarini, Beth Anne and others},
  journal={Pediatrics},
  volume={134},
  number={3},
  pages={e903--e918},
  year={2014},
  publisher={Am Acad Pediatrics}
}
@article{schaefer1992evaluation,
  title={Evaluation of the child with idiopathic mental retardation.},
  author={Schaefer, GB and Bodensteiner, JB},
  journal={Pediatric Clinics of North America},
  volume={39},
  number={4},
  pages={929--943},
  year={1992}
}
@article{moeschler1981use,
  title={Use of the CT scan in the medical evaluation of the mentally retarded child},
  author={Moeschler, John B and Bennett, Forrest C and Cromwell, Laurence D},
  journal={The Journal of pediatrics},
  volume={98},
  number={1},
  pages={63--65},
  year={1981},
  publisher={Elsevier}
}
@article{gabrielli1990magnetic,
  title={Magnetic resonance imaging in the malformative syndromes with mental retardation},
  author={Gabrielli, O and Salvolini, U and Coppa, GV and Catassi, C and Rossi, R and Manca, A and Lanza, R and Giorgi, PL},
  journal={Pediatric radiology},
  volume={21},
  number={1},
  pages={16--19},
  year={1990},
  publisher={Springer}
}
@book{smith2006mental,
  title={Mental retardation and developmental delay: Genetic and epigenetic factors},
  author={Smith, Moyra},
  year={2006},
  publisher={NY: Oxford University Press}
}
@techreport{temtamy2013basic,
  author       = {Temtamy, S and Aglan, M}, 
  title        = {Basic concepts in dysmorphology.},
  institution  = {Human Genetics & Genome Research Division, National Research Centre},
  year         = 2013,
  address      = {Cairo, Egypt},
}
@article{yunis1978characterization,
  title={The characterization of high-resolution G-banded chromosomes of man},
  author={Yunis, Jorge J and Sawyer, Jeffrey R and Ball, David W},
  journal={Chromosoma},
  volume={67},
  number={4},
  pages={293--307},
  year={1978},
  publisher={Springer}
}
@article{graham1993chromosome,
  title={Chromosome testing in children with developmental delay in whom the aetiology is not evident clinically},
  author={Graham, SM and Selikowitz, M},
  journal={Journal of paediatrics and child health},
  volume={29},
  number={5},
  pages={360--362},
  year={1993},
  publisher={Wiley Online Library}
}
@article{ning1996complete,
  title={A complete set of human telomeric probes and their clinical application},
  author={Ning, Yi and Roschke, Anna and Smith, Ann CM and Macha, Michelle and Precht, Kathrin and Riethman, Harold and Ledbetter, David H and Flint, Jonathan and Horsley, Sharon and Regan, Regina and others},
  journal={Nature genetics},
  volume={14},
  number={1},
  pages={86--89},
  year={1996},
  publisher={Nature Publishing Group}
}
@article{knight2000optimized,
  title={An optimized set of human telomere clones for studying telomere integrity and architecture},
  author={Knight, Samantha JL and Lese, Christa M and Precht, Kathrin S and Kuc, Julie and Ning, Yi and Lucas, Sarah and Regan, Regina and Brenan, Mary and Nicod, Alison and Lawrie, N Martin and others},
  journal={The American Journal of Human Genetics},
  volume={67},
  number={2},
  pages={320--332},
  year={2000},
  publisher={Elsevier}
}
@article{knight1999subtle,
  title={Subtle chromosomal rearrangements in children with unexplained mental retardation},
  author={Knight, Samantha JL and Regan, Regina and Nicod, Alison and Horsley, Sharon W and Kearney, Lyndal and Homfray, Tessa and Winter, Robin M and Bolton, Patrick and Flint, Jonathan},
  journal={The Lancet},
  volume={354},
  number={9191},
  pages={1676--1681},
  year={1999},
  publisher={Elsevier}
}
@article{biesecker2002end,
  title={The end of the beginning of chromosome ends†},
  author={Biesecker, Leslie G},
  journal={American journal of medical genetics},
  volume={107},
  number={4},
  pages={263--266},
  year={2002},
  publisher={Wiley Online Library}
}
@article{vissers2010genomic,
  title={Genomic microarrays in mental retardation: from copy number variation to gene, from research to diagnosis},
  author={Vissers, Lisenka ELM and de Vries, Bert BA and Veltman, Joris A},
  journal={Journal of medical genetics},
  volume={47},
  number={5},
  pages={289--297},
  year={2010},
  publisher={BMJ Publishing Group Ltd}
}
@article{manning2010array,
  title={Array-based technology and recommendations for utilization in medical genetics practice for detection of chromosomal abnormalities},
  author={Manning, Melanie and Hudgins, Louanne},
  journal={Genetics in Medicine},
  volume={12},
  number={11},
  pages={742--745},
  year={2010},
  publisher={Nature Publishing Group}
}
@article{michelson2011evidence,
  title={Evidence Report: Genetic and metabolic testing on children with global developmental delay Report of the Quality Standards Subcommittee of the American Academy of Neurology and the Practice Committee of the Child Neurology Society},
  author={Michelson, DJ and Shevell, MI and Sherr, EH and Moeschler, JB and Gropman, AL and Ashwal, S},
  journal={Neurology},
  volume={77},
  number={17},
  pages={1629--1635},
  year={2011},
  publisher={AAN Enterprises}
}
@article{miller2010consensus,
  title={Consensus statement: chromosomal microarray is a first-tier clinical diagnostic test for individuals with developmental disabilities or congenital anomalies},
  author={Miller, David T and Adam, Margaret P and Aradhya, Swaroop and Biesecker, Leslie G and Brothman, Arthur R and Carter, Nigel P and Church, Deanna M and Crolla, John A and Eichler, Evan E and Epstein, Charles J and others},
  journal={The American Journal of Human Genetics},
  volume={86},
  number={5},
  pages={749--764},
  year={2010},
  publisher={Elsevier}
}
@article{slavotinek1999screening,
  title={Screening for submicroscopic chromosome rearrangements in children with idiopathic mental retardation using microsatellite markers for the chromosome telomeres},
  author={Slavotinek, A and Rosenberg, M and Knight, S and Gaunt, L and Fergusson, W and Killoran, C and Clayton-Smith, J and Kingston, H and Campbell, RHA and Flint, J and others},
  journal={Journal of medical genetics},
  volume={36},
  number={5},
  pages={405--411},
  year={1999},
  publisher={BMJ Publishing Group Ltd}
}
@article{borgione2001microsatellite,
  title={How microsatellite analysis can be exploited for subtelomeric chromosomal rearrangement analysis in mental retardation},
  author={Borgione, Eugenia and Giudice, Mariangela LO and Galesi, Ornella and Castiglia, Lucia and Failla, Pinella and Romano, Corrado and Ragusa, Angela and Fichera, Marco},
  journal={Journal of medical genetics},
  volume={38},
  number={1},
  pages={e1--e1},
  year={2001},
  publisher={BMJ Publishing Group Ltd}
}
@article{tassone2008rapid,
  title={A rapid polymerase chain reaction-based screening method for identification of all expanded alleles of the fragile X (FMR1) gene in newborn and high-risk populations},
  author={Tassone, Flora and Pan, Ruiqin and Amiri, Khaled and Taylor, Annette K and Hagerman, Paul J},
  journal={The Journal of Molecular Diagnostics},
  volume={10},
  number={1},
  pages={43--49},
  year={2008},
  publisher={Elsevier}
}
@article{hantash2010qualitative,
  title={Qualitative assessment of FMR1 (CGG) n triplet repeat status in normal, intermediate, premutation, full mutation, and mosaic carriers in both sexes: implications for fragile X syndrome carrier and newborn screening},
  author={Hantash, Feras M and Goos, Dana G and Tsao, David and Quan, Franklin and Buller-Burckle, Arlene and Peng, Mei and Jarvis, Michael and Sun, Weimin and Strom, Charles M},
  journal={Genetics in Medicine},
  volume={12},
  number={3},
  pages={162--173},
  year={2010},
  publisher={Nature Publishing Group}
}
@article{xiang2000mutation,
  title={Mutation screening in Rett syndrome patients},
  author={Xiang, Fengqing and Buervenich, Silvia and Nicolao, Piero and Bailey, Mark ES and Zhang, Zhiping and Anvret, Maria},
  journal={Journal of medical genetics},
  volume={37},
  number={4},
  pages={250--255},
  year={2000},
  publisher={BMJ Publishing Group Ltd}
}
@article{hersh2011health,
  title={Health supervision for children with fragile X syndrome},
  author={Hersh, Joseph H and Saul, Robert A and others},
  journal={Pediatrics},
  volume={127},
  number={5},
  pages={994--1006},
  year={2011},
  publisher={Am Acad Pediatrics}
}
@article{kleefstra2004mecp2,
  title={MECP2 analysis in mentally retarded patients: implications for routine DNA diagnostics},
  author={Kleefstra, Tjitske and Yntema, Helger G and Nillesen, Willy M and Oudakker, Astrid R and Mullaart, Reinier A and Geerdink, Niels and van Bokhoven, Hans and de Vries, Bert BA and Sistermans, Erik A and Hamel, Ben CJ},
  journal={European journal of human genetics},
  volume={12},
  number={1},
  pages={24--28},
  year={2004},
  publisher={Nature Publishing Group}
}
@article{ylisaukko2005mecp2,
  title={MECP2 mutation analysis in patients with mental retardation},
  author={Ylisaukko-oja, Tero and Rehnstr{\"o}m, Karola and Vanhala, Raija and Kempas, Elli and von Koskull, Harriet and Tengstr{\"o}m, Carola and Mustonen, Aki and Ounap, Katrin and L{\"a}hdetie, Jaana and J{\"a}rvel{\"a}, Irma},
  journal={American Journal of Medical Genetics Part A},
  volume={132},
  number={2},
  pages={121--124},
  year={2005},
  publisher={Wiley Online Library}
}
@article{armour2000measurement,
  title={Measurement of locus copy number by hybridisation with amplifiable probes},
  author={Armour, John AL and Sismani, Carolina and Patsalis, Philippos C and Cross, Gareth},
  journal={Nucleic acids research},
  volume={28},
  number={2},
  pages={605--609},
  year={2000},
  publisher={Oxford Univ Press}
}
@article{schouten2002relative,
  title={Relative quantification of 40 nucleic acid sequences by multiplex ligation-dependent probe amplification},
  author={Schouten, Jan P and McElgunn, Cathal J and Waaijer, Raymond and Zwijnenburg, Danny and Diepvens, Filip and Pals, Gerard},
  journal={Nucleic acids research},
  volume={30},
  number={12},
  pages={e57--e57},
  year={2002},
  publisher={Oxford Univ Press}
}
@article{white2002comprehensive,
  title={Comprehensive detection of genomic duplications and deletions in the DMD gene, by use of multiplex amplifiable probe hybridization},
  author={White, Stefan and Kalf, Margot and Liu, Qiang and Villerius, Michel and Engelsma, Dieuwke and Kriek, Marjolein and Vollebregt, Ellen and Bakker, Bert and van Ommen, Gert-Jan B and Breuning, Martijn H and others},
  journal={The American Journal of Human Genetics},
  volume={71},
  number={2},
  pages={365--374},
  year={2002},
  publisher={Elsevier}
}
@article{sireteanu2014detection,
  title={Detection of chromosomal imbalances using combined MLPA kits in patients with syndromic intellectual disability},
  author={Sireteanu, Adriana and Popescu, Roxana and Braha, Elena Emanuela and Bujoran, Cornel and Butnariu, L{\u{a}}cr{\u{a}}mioara and Caba, Lavinia and Graur, Elena and Gorduza, Eusebiu Vlad and Gr{\u{a}}mescu, Mihaela and Ivanov, Iuliu Cristian and others},
  journal={Romanian Review of Laboratory Medicine},
  volume={22},
  number={2},
  pages={157--164},
  year={2014}
}
@article{boehm2004rapid,
  title={Rapid detection of subtelomeric deletion/duplication by novel real-time quantitative PCR using SYBR-green dye},
  author={Boehm, Detlef and Herold, Sabine and Kuechler, Alma and Liehr, Thomas and Laccone, Franco},
  journal={Human mutation},
  volume={23},
  number={4},
  pages={368--378},
  year={2004},
  publisher={Wiley Online Library}
}
@article{auber2009identification,
  title={Identification of subtelomeric genomic imbalances and breakpoint mapping with quantitative PCR in 296 individuals with congenital defects and/or mental retardation},
  author={Auber, Bernd and Bruemmer, Verena and Zoll, Barbara and Burfeind, Peter and Boehm, Detlef and Liehr, Thomas and Brockmann, Knut and Wilichowski, Ekkehard and Argyriou, Loukas and Bartels, Iris},
  journal={Mol Cytogenet},
  volume={2},
  number={10},
  year={2009}
}
@article{saugier2006simple,
  title={Simple detection of genomic microdeletions and microduplications using QMPSF in patients with idiopathic mental retardation},
  author={Saugier-Veber, Pascale and Goldenberg, Alice and Drouin-Garraud, Val{\'e}rie and de La Rochebrochard, C{\'e}line and Layet, Val{\'e}rie and Drouot, Nathalie and Le Meur, Nathalie and Gilbert-Du-ssardier, Brigitte and Joly-H{\'e}las, G{\'e}raldine and Moirot, H{\'e}l{\`e}ne and others},
  journal={European journal of human genetics},
  volume={14},
  number={9},
  pages={1009--1017},
  year={2006},
  publisher={Nature Publishing Group}
}
@article{feero2012genomics,
  title={Genomics, intellectual disability, and autism},
  author={Feero, W Gregory and Guttmacher, Alan E and Mefford, Heather C and Batshaw, Mark L and Hoffman, Eric P},
  journal={New England Journal of Medicine},
  volume={366},
  number={8},
  pages={733--743},
  year={2012},
  publisher={Mass Medical Soc}
}
@article{tarpey2009systematic,
  title={A systematic, large-scale resequencing screen of X-chromosome coding exons in mental retardation},
  author={Tarpey, Patrick S and Smith, Raffaella and Pleasance, Erin and Whibley, Annabel and Edkins, Sarah and Hardy, Claire and O'Meara, Sarah and Latimer, Calli and Dicks, Ed and Menzies, Andrew and others},
  journal={Nature genetics},
  volume={41},
  number={5},
  pages={535--543},
  year={2009},
  publisher={Nature Publishing Group}
}
@article{schroeder2000mental,
  title={Mental retardation and developmental disabilities influenced by environmental neurotoxic insults.},
  author={Schroeder, Stephen R},
  journal={Environmental Health Perspectives},
  volume={108},
  number={Suppl 3},
  pages={395--359},
  year={2000},
  publisher={National Institute of Environmental Health Science}
}
@article{woolf2007update,
  title={Update on the clinical management of childhood lead poisoning},
  author={Woolf, Alan D and Goldman, Rose and Bellinger, David C},
  journal={Pediatric Clinics of North America},
  volume={54},
  number={2},
  pages={271--294},
  year={2007},
  publisher={Elsevier}
}
@article{kalter2003teratology,
  title={Teratology in the 20th century: environmental causes of congenital malformations in humans and how they were established},
  author={Kalter, Harold},
  journal={Neurotoxicology and teratology},
  volume={25},
  number={2},
  pages={131--282},
  year={2003},
  publisher={Elsevier}
}
@book{us2001women,
  title={Women and smoking: A report of the Surgeon General},
  author={US Department of Health and Human Services and others},
  year={2001},
  publisher={Rockville, MD: US Department of Health and Human Services, Public Health Service, Office of the Surgeon General},
  pages={290--307}
}
@online{zupanick2015causes,
      title  = {The causes and prevention of intellectual disability. [Online].},
      author = {Zupanick, CE},
      url    = {http://www.risas.org/poc/view_doc.php?type=doc&id=50127&cn=37},
      year   = {[cited 2015 May 26]}
}
@inbook{weis2013introduction,
  title={Introduction to abnormal child and adolescent psychology},
  author={Weis, Robert},
  chapter={Intellectual disability and developmental disorders in children.},
  year={2013},
  publisher={CA: Sage Publications}
}
@article{blencowe10born,
  title={Born Too Soon Preterm Birth Action Group.},
  author={Blencowe, H and Cousens, S and Chou, D and Oestergaard, M and Say, L and Moller, AB and Kinnery, M and Lasn, J},
  journal={Reprod Health},
  volume={10},
  year={2013},
  number={1},
  pages={S2}
}
@article{groce2014malnutrition,
  title={Malnutrition and disability: unexplored opportunities for collaboration},
  author={Groce, N and Challenger, E and Berman-Bieler, R and Farkas, A and Yilmaz, N and Schultink, W and Clark, D and Kaplan, C and Kerac, M},
  journal={Paediatrics and International Child Health},
  volume={34},
  number={4},
  pages={308--314},
  year={2014},
  publisher={Maney Publishing Suite 1C, Joseph's Well, Hanover Walk, Leeds LS3 1AB, UK}
}
@online{who2015iodine,
      title  = {Micronutrient Deficiencies – Iodine. [Online].},
      author = {World Health Organization},
      url    = {http://www.who.int/nutrition/topics/idd/en/},
      year   = {[cited 2015 May 27]}
}
@article{walker2007wasserman,
  title={Wasserman 8. GA, Pollitt E, et al},
  author={Walker, SP and Wachs, TD and Gardner, JM and Lozoff, B},
  journal={Child development: risk factors for adverse outcomes in developing countries. Lancet},
  volume={369},
  pages={145--57},
  year={2007}
}
@article{duerbeck1997fetal,
  title={Fetal alcohol syndrome.},
  author={Duerbeck, Norman B},
  journal={Comprehensive therapy},
  volume={23},
  number={3},
  pages={179},
  year={1997}
}
@article{burd2003recognition,
  title={Recognition and management of fetal alcohol syndrome},
  author={Burd, Larry and Cotsonas-Hassler, Tania M and Martsolf, John T and Kerbeshian, Jacob},
  journal={Neurotoxicology and teratology},
  volume={25},
  number={6},
  pages={681--688},
  year={2003},
  publisher={Elsevier}
}
@article{burd2003diagnosis,
  title={Diagnosis of FAS: a comparison of the fetal alcohol syndrome diagnostic checklist and the Institute of Medicine Criteria for fetal alcohol syndrome},
  author={Burd, Larry and Martsolf, John T and Klug, Marilyn G and Kerbeshian, Jacob},
  journal={Neurotoxicology and teratology},
  volume={25},
  number={6},
  pages={719--724},
  year={2003},
  publisher={Elsevier}
}
@article{burd2003fetal,
  title={Fetal alcohol syndrome: neuropsychiatric phenomics},
  author={Burd, Larry and Klug, Marilyn G and Martsolf, John T and Kerbeshian, Jacob},
  journal={Neurotoxicology and Teratology},
  volume={25},
  number={6},
  pages={697--705},
  year={2003},
  publisher={Elsevier}
}
@article{sampson1997incidence,
  title={Incidence of fetal alcohol syndrome and prevalence of alcohol-related neurodevelopmental disorder},
  author={Sampson, Paul D and Streissguth, Ann P and Bookstein, Fred L and Little, Ruth E and Clarren, Sterling K and Dehaene, Philippe and Hanson, James W and Graham, John M},
  journal={Teratology},
  volume={56},
  number={5},
  pages={317--326},
  year={1997}
}
@phdthesis{kerstjens2013development,
  title={Development of moderately preterm-born children},
  author={Kerstjens, Jorien M},
  year={2013},
  school={University of Groningen}
}
@inproceedings{volpe2009encephalopathy,
  title={The encephalopathy of prematurity—brain injury and impaired brain development inextricably intertwined},
  author={Volpe, Joseph J},
  booktitle={Seminars in pediatric neurology},
  volume={16},
  number={4},
  pages={167--178},
  year={2009},
  organization={Elsevier}
}
@book{butler2007preterm,
  title={Preterm Birth:: Causes, Consequences, and Prevention},
  author={Butler, Adrienne Stith and Behrman, Richard E and Committee on Understanding Premature Birth and Assuring Healthy Outcomes (editors)},
  year={2007},
  publisher={Washington DC: National Academies Press}
}
@article{turkheimer2003socioeconomic,
  title={Socioeconomic status modifies heritability of IQ in young children},
  author={Turkheimer, Eric and Haley, Andreana and Waldron, Mary and D'Onofrio, Brian and Gottesman, Irving I},
  journal={Psychological science},
  volume={14},
  number={6},
  pages={623--628},
  year={2003},
  publisher={SAGE Publications}
}
@article{raghavan2004cultural,
  title={Cultural diversity and intellectual disability},
  author={Raghavan, Raghu and Small, Neil},
  journal={Current Opinion in Psychiatry},
  volume={17},
  number={5},
  pages={371--375},
  year={2004},
  publisher={LWW}
}
@book{sattler2002assessment,
  title={Assessment of children: Behavioral and clinical applications.},
  author={Sattler, Jerome M},
  year={2002},
  publisher={Jerome M Sattler Publisher}
}
@inbook{eskes2002folic,
  author       = {Eskes, TK}, 
  title        = {Massaro EJ, Rogers JM, editors. Folate and human development.},
  chapter      = {Folic acid and homocysteine as risk factors for neural tube defects},
  publisher    = {Totowa, NJ: Humana Press.},
  year         = 2002,
}
@article{hunt1999casey,
  title={The Casey Holter lecture. Non-selective intervention in newborn babies with open spina bifida: the outcome 30 years on for the complete cohort.},
  author={Hunt, Gillian M},
  journal={European journal of pediatric surgery: official journal of Austrian Association of Pediatric Surgery...[et al]= Zeitschrift fur Kinderchirurgie},
  volume={9},
  pages={5--8},
  year={1999}
}
@inbook{tolmie2002clinical,
  author       = {Tolmie, JL}, 
  title        = {In: Rimoin DL, Connor JM, Pyeritz RE, Korf BR, editors. Emery and Rimoin’s Principles and Practice of Medical Genetics.},
  chapter      = {Clinical genetics of neural tube defects and other congenital central nervous system malformations.},
  publisher    = {NY, London, Toronto: Churchill Livingstone.},
  pages        = {2976--3011}
  year         = 2002,
}
@article{norrlin2003factors,
  title={Factors of significance for mobility in children with myelomeningocele},
  author={Norrlin, Simone and Strinnholm, Margaretha and Carlsson, Marianne and Dahl, Margareta},
  journal={Acta Paediatrica},
  volume={92},
  number={2},
  pages={204--210},
  year={2003},
  publisher={Wiley Online Library}
}
@article{croen2000risk,
  title={Risk factors for cytogenetically normal holoprosencephaly in California: A population-based case-control study},
  author={Croen, Lisa A and Shaw, Gary M and Lammer, Edward J},
  journal={American journal of medical genetics},
  volume={90},
  number={4},
  pages={320--325},
  year={2000},
  publisher={Wiley Online Library}
}
@article{pilz1996syndromes,
  title={Syndromes with lissencephaly.},
  author={Pilz, DT and Quarrell, OW},
  journal={Journal of medical genetics},
  volume={33},
  number={4},
  pages={319},
  year={1996},
  publisher={BMJ Group}
}
@article{blau2010phenylketonuria,
  title={Phenylketonuria},
  author={Blau, Nenad and van Spronsen, Francjan J and Levy, Harvey L},
  journal={The Lancet},
  volume={376},
  number={9750},
  pages={1417--1427},
  year={2010},
  publisher={Elsevier}
}
@inbook{ke2012intellectual,
  author       = {Ke X, Liu J}, 
  title        = {In: Rey JM, editor. IACAPAP e-textbook of child and adolescent mental health.},
  chapter      = {Intellectual disability.},
  publisher    = {Geneva: International Association for Child and
Adolescent Psychiatry and Allied Professions},
  year         = 2012,
}
@incollection{hamerton1971chromosome,
  title={Chromosome mutation},
  author={Hamerton, JL},
  booktitle={Human cytogenetics},
  volume={1},
  pages={192--231},
  year={1971},
  publisher={Academic Press New York}
}
@article{dave2010chromosomal,
  title={Chromosomal abnormalities in mental retardation: Indian experience},
  author={Dave, Usha and Shetty, Dhanlaxmi},
  journal={Int J Hum Genet},
  volume={10},
  pages={21--32},
  year={2010}
}
@online{who2015genes,
      title  = {Genes and chromosomal diseases. [Online].},
      author = {World Health Organization},
      url    = {http://www.who.int/genomics/public/geneticdiseases/en/index1.html},
      year   = {[cited 2015 May 30]}
}
@article{niebuhr1978cri,
  title={The cri du chat syndrome},
  author={Niebuhr, E},
  journal={Human Genetics},
  volume={44},
  number={3},
  pages={227--275},
  year={1978},
  publisher={Springer}
}
@article{battaglia2000wolf,
  title={Wolf-Hirschhorn syndrome (WHS): a history in pictures.},
  author={Battaglia, A and Carey, JC and Viskochil, DH and Cederholm, P and Opitz, JM},
  journal={Clinical dysmorphology},
  volume={9},
  number={1},
  pages={25--30},
  year={2000},
  publisher={LWW}
}
@article{maas2008genotype,
  title={Genotype--phenotype correlation in 21 patients with Wolf--Hirschhorn syndrome using high resolution array comparative genome hybridisation (CGH)},
  author={Maas, Nicole Maria C and Van Buggenhout, Griet and Hannes, Femke and Thienpont, Bernard and Sanlaville, Damien and Kok, Klaas and Midro, Alina and Andrieux, Joris and Anderlid, Britt-Marie and Schoumans, Jacqueline and others},
  journal={Journal of medical genetics},
  volume={45},
  number={2},
  pages={71--80},
  year={2008},
  publisher={BMJ Publishing Group Ltd}
}
@article{hagerman1997fragile,
  title={Fragile X syndrome. Molecular and clinical insights and treatment issues.},
  author={Hagerman, RJ},
  journal={Western journal of medicine},
  volume={166},
  number={2},
  pages={129-137},
  year={1997},
  publisher={BMJ Group}
}
@online{cdc2015fragile,
      title  = {Genes and chromosomal diseases. [Online].},
      author = {Centers for Disease Control and Prevention.},
      url    = {http://www.cdc.gov/ncbddd/fxs/data.html},
      year   = {2015 [Cited 2015 May 26]}
}
@article{laxova1993fragile,
  title={Fragile X syndrome.},
  author={Laxova, Renata},
  journal={Advances in pediatrics},
  volume={41},
  pages={305--342},
  year={1993}
}
@article{stoll2001problems,
  title={Problems in the diagnosis of fragile X syndrome in young children are still present},
  author={Stoll, Claude},
  journal={American journal of medical genetics},
  volume={100},
  number={2},
  pages={110--115},
  year={2001},
  publisher={Wiley Online Library}
}
@article{oberle1991instability,
  title={Instability of a 550-base pair DNA segment and abnormal methylation in fragile X syndrome},
  author={Oberle, I and Rousseau, F and others},
  journal={Science},
  volume={252},
  number={5009},
  pages={1097--1102},
  year={1991},
  publisher={The American Association for the Advancement of Science}
}
@article{yu1991fragile,
  title={Fragile X genotype characterized by an unstable region of DNA.},
  author={Yu, S and Pritchard, M and Kremer, E and Lynch, M and Nancarrow, J and Baker, E and Holman, K and Mulley, JC and Warren, ST and Schlessinger, D},
  journal={Science (New York, NY)},
  volume={252},
  number={5009},
  pages={1179--1181},
  year={1991}
}
@article{fryns20009th,
  title={9th International workshop on Fragile X syndrome and X-linked mental retardation},
  author={Fryns, Jean-Pierre and Borghgraef, Martine and Brown, Ted W and Chelly, Jamel and Fisch, Gene S and Hamel, Ben and Hanauer, Andr{\'e} and Lacombe, Didier and Luo, Ligun and MacPherson, James N and others},
  journal={American journal of medical genetics},
  volume={94},
  number={5},
  pages={345--360},
  year={2000},
  publisher={Wiley Online Library}
}
@article{lugenbeel1995intragenic,
  title={Intragenic loss of function mutations demonstrate the primary role of FMR1 in fragile X syndrome},
  author={Lugenbeel, Kellie A and Peier, Andrea M and Carson, Nancy L and Chudley, Albert E and Nelson, David L},
  journal={Nature genetics},
  volume={10},
  number={4},
  pages={483--485},
  year={1995},
  publisher={Nature Publishing Group}
}
@article{mulley1995fraxe,
  title={FRAXE and mental retardation.},
  author={Mulley, JC and Yu, S and Loesch, DZ and Hay, DA and Donnelly, A and Gedeon, AK and Carbonell, P and Lopez, I and Glover, G and Gabarron, I},
  journal={Journal of medical genetics},
  volume={32},
  number={3},
  pages={162--169},
  year={1995},
  publisher={BMJ Publishing Group Ltd}
}
@article{tassabehji1999williams,
  title={Williams syndrome: use of chromosomal microdeletions as a tool to dissect cognitive and physical phenotypes},
  author={Tassabehji, Mayada and Metcalfe, Kay and Karmiloff-Smith, Annette and Carette, Martin J and Grant, Julia and Dennis, Nick and Reardon, W and Splitt, Miranda and Read, Andrew P and Donnai, Dian},
  journal={The American Journal of Human Genetics},
  volume={64},
  number={1},
  pages={118--125},
  year={1999},
  publisher={Elsevier}
}
@article{morris2000williams,
  title={Williams syndrome and related disorders},
  author={Morris, MD, Colleen A and Mervis, Ph. D, Carolyn B},
  journal={Annual review of genomics and human genetics},
  volume={1},
  number={1},
  pages={461--484},
  year={2000},
  publisher={Annual Reviews 4139 El Camino Way, PO Box 10139, Palo Alto, CA 94303-0139, USA}
}
@article{hoogenraad2004limk1,
  title={LIMK1 and CLIP-115: linking cytoskeletal defects to Williams syndrome},
  author={Hoogenraad, Casper C and Akhmanova, Anna and Galjart, Niels and De Zeeuw, Chris I},
  journal={Bioessays},
  volume={26},
  number={2},
  pages={141--150},
  year={2004},
  publisher={Cambridge, UK; New York, NY, USA: Published for ICSU Press by Cambridge University Press, c1984-}
}
@article{stromme2002prevalence,
  title={Prevalence estimation of Williams syndrome},
  author={Str{\o}mme, Petter and Bj{\o}mstad, Per G and Ramstad, Kjersti},
  journal={Journal of child neurology},
  volume={17},
  number={4},
  pages={269--271},
  year={2002},
  publisher={SAGE Publications}
}
@article{cassidy2009prader,
  title={Prader--Willi syndrome},
  author={Cassidy, Suzanne B and Driscoll, Daniel J},
  journal={European Journal of Human Genetics},
  volume={17},
  number={1},
  pages={3--13},
  year={2009},
  publisher={Nature Publishing Group}
}
@article{ohta1999imprinting,
  title={Imprinting-mutation mechanisms in Prader-Willi syndrome},
  author={Ohta, T and Gray, TA and Rogan, PK and Buiting, K and Gabriel, JM and Saitoh, S and Muralidhar, B and Bilienska, B and Krajewska-Walasek, M and Driscoll, DJ and others},
  journal={The American Journal of Human Genetics},
  volume={64},
  number={2},
  pages={397--413},
  year={1999},
  publisher={Elsevier}
}
@article{clayton2003angelman,
  title={Angelman syndrome: a review of the clinical and genetic aspects},
  author={Clayton-Smith, J and Laan, LAEM},
  journal={Journal of Medical Genetics},
  volume={40},
  number={2},
  pages={87--95},
  year={2003},
  publisher={BMJ Publishing Group Ltd}
}
@article{turner1972x,
  title={X-linked mental retardation without physical abnormality (Renpenning's syndrome) in sibs in an institution.},
  author={Turner, GILLIAN and Engisch, BERT and Lindsay, DAVID G and Turner, BRIAN},
  journal={Journal of medical genetics},
  volume={9},
  number={3},
  pages={324--330},
  year={1972},
  publisher={BMJ Group}
}
@article{martin1943pedigree,
  title={A pedigree of mental defect showing sex-linkage},
  author={Martin, J Purdon and Bell, Julia},
  journal={Journal of neurology and psychiatry},
  volume={6},
  number={3-4},
  pages={154},
  year={1943},
  publisher={BMJ Group}
}
@article{herbst1980nonspecific,
  title={Nonspecific X-linked mental retardation II: the frequency in British Columbia},
  author={Herbst, Diana S and Miller, James R},
  journal={American journal of medical genetics},
  volume={7},
  number={4},
  pages={461--469},
  year={1980},
  publisher={Wiley Online Library}
}
@article{coupry2004analysis,
  title={Analysis of CBP (CREBBP) gene deletions in Rubinstein-Taybi syndrome patients using real-time quantitative PCR},
  author={Coupry, Isabelle and Monnet, Laurence and Attia, Azza Abd El Moneim and Taine, Laurence and Lacombe, Didier and Arveiler, Benoit},
  journal={Human mutation},
  volume={23},
  number={3},
  pages={278--284},
  year={2004},
  publisher={Wiley Periodicals Inc.}
}
@article{korzus2004cbp,
  title={CBP histone acetyltransferase activity is a critical component of memory consolidation},
  author={Korzus, Edward and Rosenfeld, Michael G and Mayford, Mark},
  journal={Neuron},
  volume={42},
  number={6},
  pages={961--972},
  year={2004},
  publisher={Elsevier}
}
@article{van2002genetic,
  title={Genetic basis of Rett syndrome},
  author={Van den Veyver, Ignatia B and Zoghbi, Huda Y},
  journal={Mental retardation and developmental disabilities research reviews},
  volume={8},
  number={2},
  pages={82--86},
  year={2002},
  publisher={Wiley Online Library}
}
@article{amir1999rett,
  title={Rett syndrome is caused by mutations in X-linked MECP2, encoding methyl-CpG-binding protein 2},
  author={Amir, Ruthie E and Van den Veyver, Ignatia B and Wan, Mimi and Tran, Charles Q and Francke, Uta and Zoghbi, Huda Y},
  journal={Nature genetics},
  volume={23},
  number={2},
  pages={185--188},
  year={1999},
  publisher={Nature Publishing Group}
}
@article{bienvenu2000missense,
  title={Missense mutation in Pak3, R67C, causes X-linked nonspecific mental retardation},
  author={Bienvenu, Thierry and des Portes, Vincent and McDonell, Nathalie and Carri{\'e}, Alain and Zemni, Ramzi and Couvert, Philippe and Ropers, Hilger H and Moraine, Claude and van Bokhoven, Hans and Fryns, Jean Pierre and others},
  journal={American journal of medical genetics},
  volume={93},
  number={4},
  pages={294--298},
  year={2000},
  publisher={Wiley Online Library}
}
@article{lubs1999other,
  title={The other side of the coin: a hypothesis concerning the importance of genes for high intelligence and evolution of the X chromosome},
  author={Lubs, Herbert A},
  journal={American journal of medical genetics},
  volume={85},
  number={3},
  pages={206--208},
  year={1999},
  publisher={Wiley Online Library}
}
@article{raymond2010monogenic,
  title={Monogenic causes of mental retardation},
  author={Raymond, FL},
  year={2010},
  publisher={Karger Publishers}
}
@inbook{raymond2010monogenic,
  title={In: Knight SJL, editor. Genetics of Mental Retardation. Monographs in Human Genetics},
  author={Raymond, FL},
  chapter={Monogenic causes of mental retardation},
  volume={18},
  pages={89–100},
  year={2010},
  publisher={Basel: Karger}
}
@article{boda2004mental,
  title={The mental retardation protein PAK3 contributes to synapse formation and plasticity in hippocampus},
  author={Boda, Bernadett and Alberi, Stefano and Nikonenko, Irina and Node-Langlois, Roxanne and Jourdain, Pascal and Moosmayer, Marlyse and Parisi-Jourdain, Lorena and Muller, Dominique},
  journal={The Journal of neuroscience},
  volume={24},
  number={48},
  pages={10816--10825},
  year={2004},
  publisher={Soc Neuroscience}
}
@article{govek2004x,
  title={The X-linked mental retardation protein oligophrenin-1 is required for dendritic spine morphogenesis},
  author={Govek, Eve-Ellen and Newey, Sarah E and Akerman, Colin J and Cross, Justin R and Van der Veken, Lieven and Van Aelst, Linda},
  journal={Nature neuroscience},
  volume={7},
  number={4},
  pages={364--372},
  year={2004},
  publisher={Nature Publishing Group}
}
@article{ramakers2002rho,
  title={Rho proteins, mental retardation and the cellular basis of cognition},
  author={Ramakers, Ger JA},
  journal={Trends in neurosciences},
  volume={25},
  number={4},
  pages={191--199},
  year={2002},
  publisher={Elsevier}
}
@article{raynham1996genetic,
  title={The genetic basis for mental retardation},
  author={Raynham, H and Gibbons, R and Flint, J and Higgs, D and others},
  journal={QJM-OXFORD-},
  volume={89},
  pages={169--176},
  year={1996},
  publisher={Oxford Univ Press}
}
@article{joyce2001subtelomeric,
  title={Subtelomeric rearrangements: results from a study of selected and unselected probands with idiopathic mental retardation and control individuals by using high-resolution G-banding and FISH},
  author={Joyce, C and Dennis, N and Cooper, S and Browne, C},
  journal={Human genetics},
  volume={109},
  number={4},
  pages={440--451},
  year={2001},
  publisher={Springer}
}
@article{flint1995detection,
  title={The detection of subtelomeric chromosomal rearrangements in idiopathic mental retardation},
  author={Flint, Jonathan and Wilkie, Andrew OM and Buckle, Veronica J and Winter, Robin M and Holland, Anthony J and McDermid, Heather E and others},
  journal={Nature genetics},
  volume={9},
  number={2},
  pages={132--140},
  year={1995}
}
@article{martin2002molecular,
  title={“Molecular rulers” for calibrating phenotypic effects of telomere imbalance},
  author={Martin, CL and Waggoner, DJ and Wong, A and Uhrig, S and Roseberry, JA and Hedrick, JF and Pack, SD and Russell, K and Zackai, E and Dobyns, WB and others},
  journal={Journal of medical genetics},
  volume={39},
  number={10},
  pages={734--740},
  year={2002},
  publisher={BMJ Publishing Group Ltd}
}
@article{li2009clinical,
  title={Clinical application of microarray-based molecular cytogenetics: an emerging new era of genomic medicine},
  author={Li, Marilyn M and Andersson, Hans C},
  journal={The Journal of pediatrics},
  volume={155},
  number={3},
  pages={311--317},
  year={2009},
  publisher={Elsevier}
}
@article{wilkie1993detection,
  title={Detection of cryptic chromosomal abnormalities in unexplained mental retardation: a general strategy using hypervariable subtelomeric DNA polymorphisms.},
  author={Wilkie, AOM},
  journal={American journal of human genetics},
  volume={53},
  number={3},
  pages={688--701},
  year={1993},
  publisher={Elsevier}
}
@inproceedings{xu2003advances,
  title={Advances in molecular cytogenetics for the evaluation of mental retardation},
  author={Xu, Jie and Chen, Zhong},
  booktitle={American Journal of Medical Genetics Part C: Seminars in Medical Genetics},
  volume={117},
  number={1},
  pages={15--24},
  year={2003},
  organization={Wiley Online Library}
}
@article{moyzis1988highly,
  title={A highly conserved repetitive DNA sequence,(TTAGGG) n, present at the telomeres of human chromosomes},
  author={Moyzis, Robert K and Buckingham, Judy M and Cram, L Scott and Dani, Maria and Deaven, Larry L and Jones, Myrna D and Meyne, Julianne and Ratliff, Robert L and Wu, Jung-Rung},
  journal={Proceedings of the National Academy of Sciences},
  volume={85},
  number={18},
  pages={6622--6626},
  year={1988},
  publisher={National Acad Sciences}
}
@article{allshire1989human,
  title={Human telomeres contain at least three types of G--rich repeat distributed non-randomly},
  author={Allshire, Robin C and Dempster, Maureen and Hastie, Nicholas D},
  journal={Nucleic acids research},
  volume={17},
  number={12},
  pages={4611--4627},
  year={1989},
  publisher={Oxford Univ Press}
}
@article{flint1994healing,
  title={Healing of broken human chromosomes by the addition of telomeric repeats.},
  author={Flint, J and Craddock, CF and Villegas, A and Bentley, DP and Williams, HJ and Galanello, R and Cao, A and Wood, WG and Ayyub, H and Higgs, DR},
  journal={American journal of human genetics},
  volume={55},
  number={3},
  pages={505},
  year={1994},
  publisher={Elsevier}
}
@article{flint1997sequence,
  title={Sequence comparison of human and yeast telomeres identifies structurally distinct subtelomeric domains},
  author={Flint, J and Bates, GP and Clark, K and Dorman, A and Willingham, D and Roe, BA and Micklem, G and Higgs, DR and Louis, EJ},
  journal={Human molecular genetics},
  volume={6},
  number={8},
  pages={1305--1314},
  year={1997},
  publisher={Oxford Univ Press}
}
@article{ravnan2006subtelomere,
  title={Subtelomere FISH analysis of 11 688 cases: an evaluation of the frequency and pattern of subtelomere rearrangements in individuals with developmental disabilities},
  author={Ravnan, J Britt and Tepperberg, James H and Papenhausen, Peter and Lamb, Allen N and Hedrick, Julie and Eash, Delaina and Ledbetter, David H and Martin, Christa Lese},
  journal={Journal of medical genetics},
  volume={43},
  number={6},
  pages={478--489},
  year={2006},
  publisher={BMJ Publishing Group Ltd}
}
@article{girimaji2010perspectives,
  title={Perspectives of intellectual disability in India: epidemiology, policy, services for children and adults},
  author={Girimaji, Satish C and Srinath, Shoba},
  journal={Current opinion in psychiatry},
  volume={23},
  number={5},
  pages={441--446},
  year={2010},
  publisher={LWW}
}
@article{wilkinson2007state,
  title={The state of research and practice in augmentative and alternative communication for children with developmental/intellectual disabilities},
  author={Wilkinson, Krista M and Hennig, Shannon},
  journal={Mental retardation and developmental disabilities research reviews},
  volume={13},
  number={1},
  pages={58--69},
  year={2007},
  publisher={Wiley Online Library}
}
@conference{conference,
    title        = {Better health, better lives: children and young people with and their families},
  year         = 2010,
  address      = {Bucharest, Romania},
  month        = 11,26--27
  organization = {World Health organization},
}
@article{moeschler2006clinical,
  title={Clinical genetic evaluation of the child with mental retardation or developmental delays},
  author={Moeschler, John B and Shevell, Michael and others},
  journal={Pediatrics},
  volume={117},
  number={6},
  pages={2304--2316},
  year={2006},
  publisher={Am Acad Pediatrics}
}
@article{knight2000perfect,
  title={Perfect endings: a review of subtelomeric probes and their use in clinical diagnosis},
  author={Knight, Samantha JL and Flint, Jonathan},
  journal={Journal of medical genetics},
  volume={37},
  number={6},
  pages={401--409},
  year={2000},
  publisher={BMJ Publishing Group Ltd}
}
@article{viot1998cryptic,
  title={Cryptic subtelomeric rearrangements detected by FISH in mentally retarded and dysmorphic patients},
  author={Viot, G and Gosset, P and Fert, S and Prieur, M and Turleau, C and Raoul, O and De Blois, MC and Lyonnet, S and Munnich, A and Vekemans, M},
  journal={Am J Hum Genet},
  volume={63},
  number={suppl 4},
  pages={A10--44},
  year={1998}
}
@article{vorsanova1998fish,
  title={FISH analysis of microaberrations at telomeric and subtelomeric regions in chromosomes of children with mental retardation},
  author={Vorsanova, SG and Koloti, D and Sharonin, VO and Soloviev, V and Yurov, YB},
  journal={Am J Hum Genet},
  volume={63},
  number={suppl 4},
  pages={A154--A873},
  year={1998}
}
@inproceedings{lamb1999low,
  title={Low proportion of subtelomeric rearrangements in a population of patients with mental retardation and dysmorphic features.},
  author={Lamb, AN and Lytle, CH and Aylsworth, AS and Powell, CM and Rao, KW and Hendrickson, M and Carey, JC and Opitz, JM and Viskochil, DH and Leonard, CO and others},
  booktitle={AMERICAN JOURNAL OF HUMAN GENETICS},
  volume={65},
  number={4},
  pages={A169--A169},
  year={1999},
  organization={UNIV CHICAGO PRESS 5720 SOUTH WOODLAWN AVE, CHICAGO, IL 60637-1603 USA}
}
@article{slavotinek1999screening,
  title={Screening for submicroscopic chromosome rearrangements in children with idiopathic mental retardation using microsatellite markers for the chromosome telomeres},
  author={Slavotinek, A and Rosenberg, M and Knight, S and Gaunt, L and Fergusson, W and Killoran, C and Clayton-Smith, J and Kingston, H and Campbell, RHA and Flint, J and others},
  journal={Journal of medical genetics},
  volume={36},
  number={5},
  pages={405--411},
  year={1999},
  publisher={BMJ Publishing Group Ltd}
}
@article{rossi2001cryptic,
  title={Cryptic telomeric rearrangements in subjects with mental retardation associated with dysmorphism and congenital malformations},
  author={Rossi, Elena and Piccini, Flavia and Zollino, Marcella and Neri, Giovanni and Caselli, Desir{\'e}e and Tenconi, Romano and Castellan, Claudio and Carrozzo, Romeo and Danesino, Cesare and Zuffardi, Orsetta and others},
  journal={Journal of medical genetics},
  volume={38},
  number={6},
  pages={417--420},
  year={2001},
  publisher={BMJ Publishing Group Ltd}
}
@article{sismani2001screening,
  title={Screening for subtelomeric chromosome abnormalities in children with idiopathic mental retardation using multiprobe telomeric FISH and the new MAPH telomeric assay},
  author={Sismani, Carolina and Armour, JA and Flint, Jonathan and Girgalli, Christina and Regan, Regina and Patsalis, Philippos C},
  journal={European Journal of Human Genetics},
  volume={9},
  number={7},
  pages={527--532},
  year={2001}
}
@inproceedings{hersh2001association,
  title={The association of subtelomeric deletions and severe mental retardation.},
  author={Hersh, JH and Barch, MJ and Yen, FF and Axelrod, JA and Gowans, G and Sears, L and Parsian, A},
  booktitle={AMERICAN JOURNAL OF HUMAN GENETICS},
  volume={69},
  number={4},
  pages={330--330},
  year={2001},
  organization={UNIV CHICAGO PRESS 1427 E 60TH ST, CHICAGO, IL 60637-2954 USA}
}
@article{riegel2001submicroscopic,
  title={Submicroscopic terminal deletions and duplications in retarded patients with unclassified malformation syndromes},
  author={Riegel, Mariluce and Baumer, Alessandra and Jamar, Mauricette and Delbecque, Kathy and Herens, Christian and Verloes, Alain and Schinzel, Albert},
  journal={Human genetics},
  volume={109},
  number={3},
  pages={286--294},
  year={2001},
  publisher={Springer}
}
@article{kirchhoff2001high,
  title={High resolution comparative genomic hybridisation in clinical cytogenetics},
  author={Kirchhoff, Maria and Rose, Hanne and Lundsteen, Claes},
  journal={Journal of Medical Genetics},
  volume={38},
  number={11},
  pages={740--744},
  year={2001},
  publisher={BMJ Publishing Group Ltd}
}
@article{joly2001comparative,
  title={Comparative genomic hybridisation in mentally retarded patients with dysmorphic features and a normal karyotype},
  author={Joly, G and Lapierre, J-M and Ozilou, C and Gosset, P and Aurias, A and De Blois, M-C and Prieur, M and Raoul, O and Colleaux, L and Munnich, A and others},
  journal={Clinical genetics},
  volume={60},
  number={3},
  pages={212--219},
  year={2001},
  publisher={Wiley Online Library}
}
@article{colleaux2001novel,
  title={A novel automated strategy for screening cryptic telomeric rearrangements in children with idiopathic mental retardation.},
  author={Colleaux, Laurence and Rio, Marlene and Heuertz, Solange and Moindrault, Severine and Turleau, Catherine and Ozilou, Catherine and Gosset, Philippe and Raoult, Odile and Lyonnet, Stanislas and Cormier-Daire, Valerie and others},
  journal={European journal of human genetics: EJHG},
  volume={9},
  number={5},
  pages={319--327},
  year={2001}
}
@article{bonifacio2001use,
  title={Use of primed in situ labeling (PRINS) for the detection of telomeric deletions associated with mental retardation},
  author={Bonifacio, S and Centrone, C and Da Prato, L and Scordo, MR and Estienne, M and Torricelli, F},
  journal={Cytogenetic and Genome Research},
  volume={93},
  number={1-2},
  pages={16--18},
  year={2001},
  publisher={Karger Publishers}
}
@article{rio2002automated,
  title={Automated fluorescent genotyping detects 10\% of cryptic subtelomeric rearrangements in idiopathic syndromic mental retardation},
  author={Rio, M and Molinari, F and Heuertz, S and Ozilou, C and Gosset, P and Raoul, O and Cormier-Daire, V and Amiel, J and Lyonnet, S and Le Merrer, M and others},
  journal={Journal of medical genetics},
  volume={39},
  number={4},
  pages={266--270},
  year={2002},
  publisher={BMJ Publishing Group Ltd}
}
@article{van2002prospective,
  title={Prospective screening for subtelomeric rearrangements in children with mental retardation of unknown aetiology: the Amsterdam experience},
  author={Van Karnebeek, CDM and Koevoets, C and Sluijter, S and Bijlsma, EK and Smeets, DFMC and Redeker, EJ and Hennekam, RCM and Hoovers, JMN},
  journal={Journal of medical genetics},
  volume={39},
  number={8},
  pages={546--553},
  year={2002},
  publisher={BMJ Publishing Group Ltd}
}
@article{anderlid2002subtelomeric,
  title={Subtelomeric rearrangements detected in patients with idiopathic mental retardation},
  author={Anderlid, Britt-Marie and Schoumans, Jacqueline and Anner{\'e}n, G{\"o}ran and Sahl{\'e}n, Sigrid and Kyllerman, M{\aa}rten and Vujic, Mihailo and Hagberg, Bengt and Blennow, Elisabeth and Nordenskj{\"o}ld, Magnus},
  journal={American journal of medical genetics},
  volume={107},
  number={4},
  pages={275--284},
  year={2002},
  publisher={Wiley Online Library}
}
@article{baker2002study,
  title={Study of 250 children with idiopathic mental retardation reveals nine cryptic and diverse subtelomeric chromosome anomalies},
  author={Baker, Elizabeth and Hinton, Lyn and Callen, David F and Altree, Meryl and Dobbie, Angus and Eyre, Helen J and Sutherland, Grant R and Thompson, Elizabeth and Thompson, Peter and Woollatt, Erica and others},
  journal={American journal of medical genetics},
  volume={107},
  number={4},
  pages={285--293},
  year={2002},
  publisher={Wiley Online Library}
}
@article{clarkson2002detecting,
  title={Detecting rearrangements in children using subtelomeric FISH and SKY},
  author={Clarkson, Blaise and Pavenski, Katerina and Dupuis, Lucie and Kennedy, Shelley and Meyn, Stephen and Nezarati, Marjan M and Nie, Gloria and Weksberg, Rosanna and Withers, Stephen and Quercia, Nada and others},
  journal={American journal of medical genetics},
  volume={107},
  number={4},
  pages={267--274},
  year={2002},
  publisher={Wiley Online Library}
}
@article{helias2002subtelomeric,
  title={Subtelomeric rearrangements detected by FISH in three of 33 families with idiopathic mental retardation and minor physical anomalies},
  author={Helias-Rodzewicz, Z and Bocian, E and Stankiewicz, P and Obersztyn, E and Kostyk, E and Jakubow-Durska, K and Kutkowska-Ka{\'z}mierczak, A and Mazurczak, T},
  journal={Journal of medical genetics},
  volume={39},
  number={9},
  pages={e53--e53},
  year={2002},
  publisher={BMJ Publishing Group Ltd}
}
@article{koolen2004screening,
  title={Screening for subtelomeric rearrangements in 210 patients with unexplained mental retardation using multiplex ligation dependent probe amplification (MLPA)},
  author={Koolen, DA and Nillesen, WM and Versteeg, MHA and Merkx, GFM and Knoers, NVAM and Kets, M and Vermeer, S and Van Ravenswaaij, CMA and De Kovel, CG and Brunner, HG and others},
  journal={Journal of medical genetics},
  volume={41},
  number={12},
  pages={892--899},
  year={2004},
  publisher={BMJ Publishing Group Ltd}
}
@article{kirchhoff2005research,
  title={Research Letter Investigation of Patients With Mental Retardation and Dysmorphic Features Using Comparative Genomic Hybridization and Subtelomeric Multiplex Ligation Dependent Probe Amplification},
  author={Kirchhoff, Maria and Gerdes, Tommy and Brunebjerg, Stine and Bryndorf, Thue},
  journal={American journal of medical genetics},
  volume={139},
  pages={231--233},
  year={2005}
}
@article{rooms2006multiplex,
  title={Multiplex ligation-dependent probe amplification to detect subtelomeric rearrangements in routine diagnostics},
  author={Rooms, L and Reyniers, E and Wuyts, Wim and Storm, K and Van Luijk, R and Scheers, Simone and Wauters, Joost and Van Den Ende, J and Biervliet, M and Eyskens, F and others},
  journal={Clinical genetics},
  volume={69},
  number={1},
  pages={58--64},
  year={2006},
  publisher={Wiley Online Library}
}
@article{stegmann2008prospective,
  title={Prospective screening of patients with unexplained mental retardation using subtelomeric MLPA strongly increases the detection rate of cryptic unbalanced chromosomal rearrangements},
  author={Stegmann, APA and Jonker, LMH and Engelen, JJM},
  journal={European journal of medical genetics},
  volume={51},
  number={2},
  pages={93--105},
  year={2008},
  publisher={Elsevier}
}
@article{belligni2009subtelomeric,
  title={Subtelomeric FISH analysis in 76 patients with syndromic developmental delay/intellectual disability},
  author={Belligni, Elga F and Biamino, Elisa and Molinatto, Cristina and Messa, Jole and Pierluigi, Mauro and Faravelli, Francesca and Zuffardi, Orsetta and Ferrero, Giovanni B and Silengo, Margherita Cirillo},
  journal={Italian journal of pediatrics},
  volume={35},
  number={9},
  year={2009},
  publisher={BioMed Central Ltd}
}
@article{wu2010submicroscopic,
  title={Submicroscopic subtelomeric aberrations in Chinese patients with unexplained developmental delay/mental retardation},
  author={Wu, Ye and Ji, Taoyun and Wang, Jingmin and Xiao, Jing and Wang, Huifang and Li, Jie and Gao, Zhijie and Yang, Yanling and Cai, Bin and Wang, Liwen and others},
  journal={BMC medical genetics},
  volume={11},
  number={1},
  pages={72},
  year={2010},
  publisher={BioMed Central Ltd}
}
@article{john2013multiplex,
  title={Multiplex ligation-dependant probe amplification study of children with idiopathic mental retardation in South India},
  author={John, Neetha and Rajasekhar, Moka and Girisha, Katta Mohan and Sharma, Podila Satya Venkata Narasimha and Gopinath, Puthiya Mundyat},
  journal={Indian journal of human genetics},
  volume={19},
  number={2},
  pages={165},
  year={2013},
  publisher={Medknow Publications}
}
@article{mundhofir2013subtelomeric,
  title={Subtelomeric chromosomal rearrangements in a large cohort of unexplained intellectually disabled individuals in Indonesia: A clinical and molecular study},
  author={Mundhofir, Farmaditya EP and Nillesen, Willy M and Van Bon, Bregje WM and Smeets, Dominique and Pfundt, Rolph and van de Ven-Schobers, Gaby and Ruiterkamp-Versteeg, Martina and Winarni, Tri I and Hamel, Ben CJ and Yntema, Helger G and others},
  journal={Indian journal of human genetics},
  volume={19},
  number={2},
  pages={171},
  year={2013},
  publisher={Medknow Publications}
}
@article{medina2014multiplex,
  title={Multiplex ligation-dependent probe amplification to subtelomeric rearrangements in idiopathic intellectual disability in Colombia},
  author={Medina, Adalbeis and Pi{\~n}eros, Lorena and Arteaga, Clara and Velasco, Harvy and Izquierdo, Alvaro and Giraldo, Alejandro and Espinosa, Eugenia},
  journal={Pediatric neurology},
  volume={50},
  number={3},
  pages={250--254},
  year={2014},
  publisher={Elsevier}
}

@article{hungerford1959chromosome,
  title={The chromosome constitution of a human phenotypic intersex},
  author={Hungerford, David A and Donnelly, AJ and Nowell, Peter C and Beck, Sidney},
  journal={American journal of human genetics},
  volume={11},
  number={3},
  pages={215--236},
  year={1959},
  publisher={Elsevier}
}
@article{moorhead1960chromosome,
  title={Chromosome preparations of leukocytes cultured from human peripheral blood},
  author={Moorhead, Paul S and Nowell, PC and Mellman, WJ and Battips, DM t and Hungerford, DA},
  journal={Experimental cell research},
  volume={20},
  number={3},
  pages={613--616},
  year={1960},
  publisher={Elsevier}
}
ticle{nowell1960phytohemagglutinin,
  title={Phytohemagglutinin: an initiator of mitosis in cultures of normal human leukocytes},
  author={Nowell, Peter C},
  journal={Cancer research},
  volume={20},
  number={4},
  pages={462--466},
  year={1960},
  publisher={AACR}
}
@article{jardin2008detection,
  title={Detection of somatic quantitative genetic alterations by multiplex polymerase chain reaction for the prediction of outcome in diffuse large B-cell lymphomas},
  author={Jardin, Fabrice and Ruminy, Philippe and Kerckaert, Jean-Pierre and Parmentier, Fran{\c{c}}oise and Picquenot, Jean-Michel and Quief, Sabine and Villenet, C{\'e}line and Buchonnet, G{\'e}rard and Tosi, Mario and Frebourg, Thierry and others},
  journal={Haematologica},
  volume={93},
  number={4},
  pages={543--550},
  year={2008},
  publisher={Haematologica}
}
@article{linardopoulou2005human,
  title={Human subtelomeres are hot spots of interchromosomal recombination and segmental duplication},
  author={Linardopoulou, Elena V and Williams, Eleanor M and Fan, Yuxin and Friedman, Cynthia and Young, Janet M and Trask, Barbara J},
  journal={Nature},
  volume={437},
  number={7055},
  pages={94--100},
  year={2005},
  publisher={Nature Publishing Group}
}
@online{chr3q2008,
      title  = {Chromosome 3q29 duplication syndrome. [Online].},
      url    = {http://omim.org/entry/611936},
      year   = {2008 [cited 2013 Mar 20]}
}
@online{chr7q2005,
      title  = {7q36 deletions. Unique. [Online].},
      url    = {http://www.rarechromo.org/forum/DisordersLeaflets.asp},
      year   = {2005 [cited 2013 Mar 20]}
}
@article{mutchinick1999miller,
  title={Miller-Dieker syndrome and trisomy 5p in a child carrying a derivative chromosome with a microdeletion in 17p13. 3 telomeric to the LIS1 and the D17S379 loci},
  author={Mutchinick, Osvaldo M and Shaffer, Lisa G and Kashork, Catherine D and Cervantes, Elia I},
  journal={American journal of medical genetics},
  volume={85},
  number={2},
  pages={99--104},
  year={1999},
  publisher={Wiley Online Library}
}
@article{freije1992identification,
  title={Identification of a second pseudoautosomal region near the Xq and Yq telomeres},
  author={Freije, Diha and Helms, Cynthia and Watson, Michael S and Donis-Keller, Helen},
  journal={Science},
  volume={258},
  number={5089},
  pages={1784--1787},
  year={1992},
  publisher={American Association for the Advancement of Science}
}
@article{rao1997pseudoautosomal,
  title={Pseudoautosomal deletions encompassing a novel homeobox gene cause growth failure in idiopathic short stature and Turner syndrome},
  author={Rao, Ercole and Weiss, Birgit and Fukami, Maki and Rump, Andreas and Niesler, Beate and Mertz, Annelyse and Muroya, Koji and Binder, Gerhard and Kirsch, Stefan and Winkelmann, Martina and others},
  journal={Nature genetics},
  volume={16},
  number={1},
  pages={54--63},
  year={1997},
  publisher={New York, NY: Nature Pub. Co., c1992-}
}
@article{joyce1999novo,
  title={A de novo complex chromosomal rearrangement with nine breakpoints characterised by FISH in a boy with mild mental retardation, developmental delay, short stature and microcephaly},
  author={Joyce, Christine A and de Almeida, Cabral and Carlos, Jos{\'e} and Santa Rose, Antonio Ab{\'\i}lio and Correia, Patricia and Moraes, L{\'u}cia and Bastos, Elenice and Llerena Jr, Juan},
  journal={Clinical genetics},
  volume={56},
  number={1},
  pages={86--92},
  year={1999},
  publisher={Wiley Online Library}
}
@online{chr1q2005,
      title  = {1q44 deletions. Unique. [Online].},
      url    = {http://www.rarechromo.org/forum/DisordersLeaflets.asp},
      year   = {2005 [cited 2013 Mar 20]}
}
@article{merritt2007delineation,
  title={Delineation of the cryptic 1qter deletion phenotype},
  author={Merritt, J Lawrence and Zou, Ying and Jalal, Syed M and Michels, Virginia V},
  journal={American Journal of Medical Genetics Part A},
  volume={143},
  number={6},
  pages={599--603},
  year={2007},
  publisher={Wiley Online Library}
}
@article{van2005clinical,
  title={Clinical report of a pure subtelomeric 1qter deletion in a boy with mental retardation and multiple anomalies adds further evidence for a specific phenotype},
  author={van Bever, Yolande and Rooms, Liesbeth and Laridon, Annick and Reyniers, Edwin and van Luijk, Rob and Scheers, Stefaan and Wauters, Jan and Kooy, R Frank},
  journal={American Journal of Medical Genetics Part A},
  volume={135},
  number={1},
  pages={91--95},
  year={2005},
  publisher={Wiley Online Library}
}
@online{chr5p2005,
      title  = {Chromosome 5p13 duplication syndrome. [Online].},
      url    = {http://omim.org/entry/613174},
      year   = {2011 [cited 2013 Mar 20]}
}
@article{zhang2003deletion,
  title={Deletion of the telomerase reverse transcriptase gene and haploinsufficiency of telomere maintenance in Cri du chat syndrome},
  author={Zhang, Anju and Zheng, Chengyun and Hou, Mi and Lindvall, Charlotta and Li, Ke-Jun and Erlandsson, Fredrik and Bj{\"o}rkholm, Magnus and Gruber, Astrid and Blennow, Elisabeth and Xu, Dawei},
  journal={The American Journal of Human Genetics},
  volume={72},
  number={4},
  pages={940--948},
  year={2003},
  publisher={Elsevier}
}
@online{Battaglia2010WHS,
      title  = {Wolf-Hirschhorn Syndrome. GeneReviews$^{TM}$. [Online].},
      author = {Battaglia, A and Carey, JC and South, ST and Wright, TJ},
      url    = {http://www.ncbi.nlm.nih.gov/books/NBK1183/},
      year   = {2010 [cited 2013 Mar 20]}
}
@online{unique4p8p2011,
      title  = {4p;8p Translocation. Unique. [Online].},
      url    = {http://www.rarechromo.org/forum/DisordersLeaflets.asp},
      year   = {2011 [cited 2013 Jun 29]}
}
@article{aktas2009clinically,
  title={Clinically abnormal case with paternally derived partial trisomy 8p23. 3 to 8p12 including maternal isodisomy of 8p23. 3: a case report},
  author={Aktas, Dilek and Weise, Anja and Utine, Eda and Alehan, Dursun and Mrasek, Kristin and von Eggeling, Ferdinand and Thieme, Heike and Tuncbilek, Ergul and Liehr, Thomas},
  journal={Molecular cytogenetics},
  volume={2},
  number={1},
  pages={1--6},
  year={2009},
  publisher={BioMed Central}
}
@online{unique4p8p2011,
      title  = {27	Chromosome 6pter-p24 deletion syndrome. [Online].},
      url    = {http://omim.org/entry/612582},
      year   = {2009 Oct 9 [cited 2013 Jun 29]}
}
@article{de2001clinical,
  title={Clinical studies on submicroscopic subtelomeric rearrangements: a checklist},
  author={De Vries, BBA and White, SM and Knight, SJL and Regan, R and Homfray, T and Young, ID and Super, M and McKeown, C and Splitt, M and Quarrell, OWJ and others},
  journal={Journal of medical genetics},
  volume={38},
  number={3},
  pages={145--150},
  year={2001},
  publisher={BMJ Publishing Group Ltd}
}

@article{charbonnier2000detection,
  title={Detection of exon deletions and duplications of the mismatch repair genes in hereditary nonpolyposis colorectal cancer families using multiplex polymerase chain reaction of short fluorescent fragments},
  author={Charbonnier, Fran{\c{c}}oise and Raux, Gr{\'e}gory and Wang, Qing and Drouot, Nathalie and Cordier, Fr{\'e}d{\'e}ric and Limacher, Jean-Marc and Saurin, Jean-Christophe and Puisieux, Alain and Olschwang, Sylviane and Frebourg, Thierry},
  journal={Cancer research},
  volume={60},
  number={11},
  pages={2760--2763},
  year={2000},
  publisher={AACR}
}
@article{sakthivel2010use,
  title={Use of multiplex ligation-dependent probe amplification (MLPA) for Duchenne muscular dystrophy (DMD) gene mutation analysis},
  author={Sakthivel Murugan, SM and Chandramohan, Arthi and Lakshmi, Bremadesam Raman},
  journal={Indian J Med Res},
  volume={132},
  pages={303--311},
  year={2010}
}
@article{jankowski2008multiplex,
  title={Multiplex ligation-dependent probe amplification analysis on capillary electrophoresis instruments for a rapid gene copy number study},
  author={Jankowski, St{\'e}phane and Currie-Fraser, Erica and Xu, Licen and Coffa, Jordy},
  journal={Journal of biomolecular techniques: JBT},
  volume={19},
  number={4},
  pages={238--243},
  year={2008},
  publisher={The Association of Biomolecular Resource Facilities}
}
@article{homig2012multiplex,
  title={Multiplex ligation-dependent probe amplification (MLPA) in tumor diagnostics and prognostics},
  author={H{\"o}mig-H{\"o}lzel, Cornelia and Savola, Suvi},
  journal={Diagnostic Molecular Pathology},
  volume={21},
  number={4},
  pages={189--206},
  year={2012},
  publisher={LWW}
}
@article{de2007deletions,
  title={Deletions of NF1 gene and exons detected by multiplex ligation-dependent probe amplification},
  author={De Luca, A and Bottillo, I and Dasdia, MC and Morella, A and Lanari, V and Bernardini, L and Divona, L and Giustini, S and Sinibaldi, L and Novelli, A and others},
  journal={Journal of medical genetics},
  volume={44},
  number={12},
  pages={800--808},
  year={2007},
  publisher={BMJ Publishing Group Ltd}
}
@article{kirchhoff2007mlpa,
  title={MLPA analysis for a panel of syndromes with mental retardation reveals imbalances in 5.8\% of patients with mental retardation and dysmorphic features, including duplications of the Sotos syndrome and Williams--Beuren syndrome regions},
  author={Kirchhoff, Maria and Bisgaard, Anne-Marie and Bryndorf, Thue and Gerdes, Tommy},
  journal={European journal of medical genetics},
  volume={50},
  number={1},
  pages={33--42},
  year={2007},
  publisher={Elsevier}
}
@article{buiting1992putative,
  title={A putative gene family in 15q11-13 and 16p11. 2: possible implications for Prader-Willi and Angelman syndromes.},
  author={Buiting, Karin and Greger, Valerie and Brownstein, Bernhard H and Mohr, Rose M and Voiculescu, Ion and Winterpacht, Andreas and Zabel, Bernard and Horsthemke, Bernhared},
  journal={Proceedings of the National Academy of Sciences},
  volume={89},
  number={12},
  pages={5457--5461},
  year={1992},
  publisher={National Acad Sciences}
}
@article{nicholls1998imprinting,
  title={Imprinting in Prader--Willi and Angelman syndromes},
  author={Nicholls, Robert D and Saitoh, Shinji and Horsthemke, Bernhard},
  journal={Trends in Genetics},
  volume={14},
  number={5},
  pages={194--200},
  year={1998},
  publisher={Elsevier}
}
@article{christian1998integrated,
  title={Integrated YAC contig map of the Prader--Willi/Angelman region on chromosome 15q11--q13 with average STS spacing of 35 kb},
  author={Christian, Susan L and Bhatt, Nehal K and Martin, Scott A and Sutcliffe, James S and Kubota, Takeo and Huang, Bing and Mutirangura, Apiwat and Chinault, A Craig and Beaudet, Arthur L and Ledbetter, David H},
  journal={Genome research},
  volume={8},
  number={2},
  pages={146--157},
  year={1998},
  publisher={Cold Spring Harbor Lab}
}
@article{ning1996identification,
  title={Identification of a novel paternally expressed transcript adjacent to snRPN in the Prader-Willi syndrome critical region.},
  author={Ning, Yi and Roschke, Anna and Christian, Susan L and Lesser, Jennifer and Sutcliffe, James S and Ledbetter, David H},
  journal={Genome research},
  volume={6},
  number={8},
  pages={742--746},
  year={1996},
  publisher={Cold Spring Harbor Lab}
}
@article{jong1999novel,
  title={A novel imprinted gene, encoding a RING zinc-finger protein, and overlapping antisense transcript in the Prader-Willi syndrome critical region},
  author={Jong, Michelle TC and Gray, Todd A and Ji, Yonggang and Glenn, Christopher C and Saitoh, Shinji and Driscoll, Daniel J and Nicholls, Robert D},
  journal={Human molecular genetics},
  volume={8},
  number={5},
  pages={783--793},
  year={1999},
  publisher={Oxford Univ Press}
}
@article{gray1999imprinted,
  title={An imprinted, mammalian bicistronic transcript encodes two independent proteins},
  author={Gray, Todd A and Saitoh, Shinji and Nicholls, Robert D},
  journal={Proceedings of the National Academy of Sciences},
  volume={96},
  number={10},
  pages={5616--5621},
  year={1999},
  publisher={National Acad Sciences}
}
@article{dittrich1996imprint,
  title={Imprint switching on human chromosome 15 may involve alternative transcripts of the SNRPN gene},
  author={Dittrich, B{\"a}rbel and Buiting, Karin and Korn, Bernd and Rickard, Sarah and Buxton, Jessica and Saitoh, Shinji and Nicholls, Robert D and Poustka, Annemarie and Winterpacht, Andreas and Zabel, Bernhard and others},
  journal={Nature genetics},
  volume={14},
  number={2},
  pages={163--170},
  year={1996},
  publisher={Nature Publishing Group}
}
@article{mann1999towards,
  title={Towards a molecular understanding of Prader-Willi and Angelman syndromes},
  author={Mann, Mellissa RW and Bartolomei, Marisa S},
  journal={Human Molecular Genetics},
  volume={8},
  number={10},
  pages={1867--1873},
  year={1999},
  publisher={Oxford Univ Press}
}
@article{merla2010copy,
  title={Copy number variants at Williams--Beuren syndrome 7q11. 23 region},
  author={Merla, Giuseppe and Brunetti-Pierri, Nicola and Micale, Lucia and Fusco, Carmela},
  journal={Human genetics},
  volume={128},
  number={1},
  pages={3--26},
  year={2010},
  publisher={Springer}
}
@online{hingorani2013gene,
      title  = {Gene Reviews [Online].},
      author = {Hingorani, Melanie MA},
      url    = {http://www.ncbi.nlm.nih.gov/books/NBK1360/},
      year   = {14 Nov 2013. [Cited: Oct, 2014]}
}
@online{smith2012gene,
      title  = {Smith-Magenis syndrome. Gene Reviews. [Online].},
      author = {Smith, ACM},
      url    = {http://www.ncbi.nlm.nih.gov/books/NBK1310/},
      year   = {28 Jun 2012. {Cited: Oct, 2014]}
}

@article{poropat1998determination,
  title={Determination of gene dosage at the PMP22 and androgen receptor loci by quantitative PCR},
  author={Poropat, Renee A and Nicholson, Garth A},
  journal={Clinical chemistry},
  volume={44},
  number={4},
  pages={724--730},
  year={1998},
  publisher={Am Assoc Clin Chem}
}
@article{wilke2000diagnosis,
  title={Diagnosis of haploidy and triploidy based on measurement of gene copy number by real-time PCR},
  author={Wilke, Klaus and Duman, B{\"u}lent and Horst, J{\"u}rgen},
  journal={Human mutation},
  volume={16},
  number={5},
  pages={431},
  year={2000},
  publisher={Wiley Periodicals Inc.}
}
@article{hedrich2001importance,
  title={The importance of gene dosage studies: mutational analysis of the parkin gene in early-onset parkinsonism},
  author={Hedrich, Katja and Kann, Martin and Lanthaler, Andrea J and Dalski, Andreas and Eskelson, Cordula and Landt, Olfert and Schwinger, Eberhard and Vieregge, Peter and Lang, Anthony E and Breakefield, Xandra O and others},
  journal={Human molecular genetics},
  volume={10},
  number={16},
  pages={1649--1656},
  year={2001},
  publisher={Oxford Univ Press}
}
@article{pohovski2013multiplex,
  title={Multiplex ligation-dependent probe amplification workflow for the detection of submicroscopic chromosomal abnormalities in patients with developmental delay/intellectual disability},
  author={Pohovski, Leona Morozin and Dumic, Katja K and Odak, Ljubica and Barisic, Ingeborg},
  journal={Molecular cytogenetics},
  volume={6},
  number={1},
  pages={1--6},
  year={2013},
  publisher={Springer}
}
@article{menten2006emerging,
  title={Emerging patterns of cryptic chromosomal imbalance in patients with idiopathic mental retardation and multiple congenital anomalies: a new series of 140 patients and review of published reports},
  author={Menten, Bj{\"o}rn and Maas, Nicole and Thienpont, Bernard and Buysse, Karen and Vandesompele, Jo and Melotte, Cindy and de Ravel, Thomy and Van Vooren, Steven and Balikova, Irina and Backx, Liesbeth and others},
  journal={Journal of medical genetics},
  volume={43},
  number={8},
  pages={625--633},
  year={2006},
  publisher={BMJ Publishing Group Ltd}
}
@article{van2005frequency,
  title={Frequency of new copy number variation in humans},
  author={van Ommen, Gert-Jan B},
  journal={Nature genetics},
  volume={37},
  number={4},
  pages={333--334},
  year={2005},
  publisher={Nature Publishing Group}
}
@online{Lane2015stat,
      title  = {Online Statistics Education: An Interactive Multimedia Course of Study. Rice University. [Online].},
      author = {Lane, DM},
      url    = {http://onlinestatbook.com/},
      year   = {[Cited:2015 April 8]}
}
@online{biddix2015,
      title  = {Effect size. Research rundowns. [Online].},
      author = {Biddix, PJ},
      url    = {https://researchrundowns.wordpress.com/quantitative-methods/effect-size/},
      year   = {2015}
}
@online{soper2015,
      title  = {Effect Size (Cohen's d) Calculator for a Student t-Test. [Online].},
      author = {Soper, DS},
      url    = {http://www.danielsoper.com/statcalc},
      year   = {2015}
}
@article{zuffardi2009inverted,
  title={Inverted duplications deletions: underdiagnosed rearrangements??},
  author={Zuffardi, O and Bonaglia, M and Ciccone, R and Giorda, R},
  journal={Clinical genetics},
  volume={75},
  number={6},
  pages={505--513},
  year={2009},
  publisher={Wiley Online Library}
}
@article{isidor2008complex,
  title={Complex constitutional subtelomeric 1p36. 3 deletion/duplication in a mentally retarded child with neonatal neuroblastoma},
  author={Isidor, Bertrand and Le Cunff, Martine and Boceno, Michelle and Boisseau, Pierre and Thomas, Caroline and Rival, Jean-Marie and David, Albert and Le Caignec, C{\'e}dric},
  journal={European journal of medical genetics},
  volume={51},
  number={6},
  pages={679--684},
  year={2008},
  publisher={Elsevier}
}
@article{linhares2015subtelomeric,
  title={Subtelomeric 6p25 deletion/duplication: Report of a patient with new clinical findings and genotype--phenotype correlations},
  author={Linhares, Nat{\'a}lia D and Svartman, Marta and Rodrigues, Tatiane C and Rosenberg, Carla and Valadares, Eug{\^e}nia R},
  journal={European journal of medical genetics},
  volume={58},
  number={5},
  pages={310--318},
  year={2015},
  publisher={Elsevier}
}
@article{baskin2014complex,
  title={Complex genomic rearrangements in the dystrophin gene due to replication-based mechanisms},
  author={Baskin, Berivan and Stavropoulos, Dimitri J and Rebeiro, Paige A and Orr, Jennifer and Li, Martin and Steele, Leslie and Marshall, Christian R and Lemire, Edmond G and Boycott, Kym M and Gibson, William and others},
  journal={Molecular genetics \& genomic medicine},
  volume={2},
  number={6},
  pages={539--547},
  year={2014},
  publisher={Wiley Online Library}
}
@article{stankiewicz2002genome,
  title={Genome architecture, rearrangements and genomic disorders},
  author={Stankiewicz, Pawel and Lupski, James R},
  journal={TRENDS in Genetics},
  volume={18},
  number={2},
  pages={74--82},
  year={2002},
  publisher={Elsevier}
}
@article{sharp2005segmental,
  title={Segmental duplications and copy-number variation in the human genome},
  author={Sharp, Andrew J and Locke, Devin P and McGrath, Sean D and Cheng, Ze and Bailey, Jeffrey A and Vallente, Rhea U and Pertz, Lisa M and Clark, Royden A and Schwartz, Stuart and Segraves, Rick and others},
  journal={The American Journal of Human Genetics},
  volume={77},
  number={1},
  pages={78--88},
  year={2005},
  publisher={Elsevier}
}
@article{shaw2004implications,
  title={Implications of human genome architecture for rearrangement-based disorders: the genomic basis of disease},
  author={Shaw, Christine J and Lupski, James R},
  journal={Human molecular genetics},
  volume={13},
  number={suppl 1},
  pages={R57--R64},
  year={2004},
  publisher={Oxford Univ Press}
}
@article{lee2007dna,
  title={A DNA replication mechanism for generating nonrecurrent rearrangements associated with genomic disorders},
  author={Lee, Jennifer A and Carvalho, Claudia MB and Lupski, James R},
  journal={cell},
  volume={131},
  number={7},
  pages={1235--1247},
  year={2007},
  publisher={Elsevier}
}
@article{de2014novo,
  title={A de novo non-sense mutation in ZBTB18 in a patient with features of the 1q43q44 microdeletion syndrome},
  author={de Munnik, Sonja A and Garc{\'\i}a-Mi{\~n}a{\'u}r, Sixto and Hoischen, Alexander and van Bon, Bregje W and Boycott, Kym M and Schoots, Jeroen and Hoefsloot, Lies H and Knoers, Nine VAM and Bongers, Ernie MHF and Brunner, Han G},
  journal={European Journal of Human Genetics},
  volume={22},
  number={6},
  pages={844--846},
  year={2014},
  publisher={Nature Publishing Group}
}



